%YAML 1.1
%TAG !u! tag:unity3d.com,2011:
--- !u!1 &7499057158725844081
GameObject:
  m_ObjectHideFlags: 0
  m_CorrespondingSourceObject: {fileID: 0}
  m_PrefabInstance: {fileID: 0}
  m_PrefabAsset: {fileID: 0}
  serializedVersion: 6
  m_Component:
  - component: {fileID: 7499057158725804113}
  - component: {fileID: 7499057158722936945}
  - component: {fileID: 7499057158723904177}
  - component: {fileID: 7499057158733254577}
  - component: {fileID: -5486527452949124231}
  m_Layer: 0
  m_Name: tree_5
  m_TagString: Untagged
  m_Icon: {fileID: 0}
  m_NavMeshLayer: 0
  m_StaticEditorFlags: 0
  m_IsActive: 1
--- !u!4 &7499057158725804113
Transform:
  m_ObjectHideFlags: 0
  m_CorrespondingSourceObject: {fileID: 0}
  m_PrefabInstance: {fileID: 0}
  m_PrefabAsset: {fileID: 0}
  m_GameObject: {fileID: 7499057158725844081}
  m_LocalRotation: {x: 0.00000001597092, y: 0.6996112, z: -0.00000001563757, w: 0.7145238}
  m_LocalPosition: {x: -15.721488, y: -0.8725722, z: -54.494343}
  m_LocalScale: {x: 0.5, y: 0.5, z: 0.5}
  m_ConstrainProportionsScale: 0
  m_Children: []
  m_Father: {fileID: 0}
  m_RootOrder: 0
  m_LocalEulerAnglesHint: {x: 0, y: 0, z: 0}
--- !u!33 &7499057158722936945
MeshFilter:
  m_ObjectHideFlags: 0
  m_CorrespondingSourceObject: {fileID: 0}
  m_PrefabInstance: {fileID: 0}
  m_PrefabAsset: {fileID: 0}
  m_GameObject: {fileID: 7499057158725844081}
  m_Mesh: {fileID: 0}
--- !u!23 &7499057158723904177
MeshRenderer:
  m_ObjectHideFlags: 0
  m_CorrespondingSourceObject: {fileID: 0}
  m_PrefabInstance: {fileID: 0}
  m_PrefabAsset: {fileID: 0}
  m_GameObject: {fileID: 7499057158725844081}
  m_Enabled: 1
  m_CastShadows: 1
  m_ReceiveShadows: 1
  m_DynamicOccludee: 1
  m_StaticShadowCaster: 0
  m_MotionVectors: 1
  m_LightProbeUsage: 1
  m_ReflectionProbeUsage: 1
  m_RayTracingMode: 2
  m_RayTraceProcedural: 0
  m_RenderingLayerMask: 1
  m_RendererPriority: 0
  m_Materials:
  - {fileID: 2100000, guid: 94c54b02a6c835949b3c1b064536a0f8, type: 2}
  - {fileID: 2100000, guid: 99cd9923450e43a45a0044334efab454, type: 2}
  m_StaticBatchInfo:
    firstSubMesh: 0
    subMeshCount: 0
  m_StaticBatchRoot: {fileID: 0}
  m_ProbeAnchor: {fileID: 0}
  m_LightProbeVolumeOverride: {fileID: 0}
  m_ScaleInLightmap: 1
  m_ReceiveGI: 1
  m_PreserveUVs: 0
  m_IgnoreNormalsForChartDetection: 0
  m_ImportantGI: 0
  m_StitchLightmapSeams: 1
  m_SelectedEditorRenderState: 2
  m_MinimumChartSize: 4
  m_AutoUVMaxDistance: 0.5
  m_AutoUVMaxAngle: 89
  m_LightmapParameters: {fileID: 0}
  m_SortingLayerID: 0
  m_SortingLayer: 0
  m_SortingOrder: 0
  m_AdditionalVertexStreams: {fileID: 0}
--- !u!95 &7499057158733254577
Animator:
  serializedVersion: 5
  m_ObjectHideFlags: 0
  m_CorrespondingSourceObject: {fileID: 0}
  m_PrefabInstance: {fileID: 0}
  m_PrefabAsset: {fileID: 0}
  m_GameObject: {fileID: 7499057158725844081}
  m_Enabled: 1
  m_Avatar: {fileID: 9000000, guid: a85384746d57ef7429c0b6665941555c, type: 3}
  m_Controller: {fileID: 0}
  m_CullingMode: 0
  m_UpdateMode: 0
  m_ApplyRootMotion: 0
  m_LinearVelocityBlending: 0
  m_StabilizeFeet: 0
  m_WarningMessage: 
  m_HasTransformHierarchy: 1
  m_AllowConstantClipSamplingOptimization: 1
  m_KeepAnimatorStateOnDisable: 0
  m_WriteDefaultValuesOnDisable: 0
--- !u!114 &-5486527452949124231
MonoBehaviour:
  m_ObjectHideFlags: 0
  m_CorrespondingSourceObject: {fileID: 0}
  m_PrefabInstance: {fileID: 0}
  m_PrefabAsset: {fileID: 0}
  m_GameObject: {fileID: 7499057158725844081}
  m_Enabled: 1
  m_EditorHideFlags: 0
  m_Script: {fileID: 11500000, guid: 4bd5e5ddd242bd64581fb5ed9c0e0507, type: 3}
  m_Name: 
  m_EditorClassIdentifier: 
  m_PolyMesh:
    name: tree_5
    vertices:
    - {x: 0.68880224, y: -0.34608966, z: 0.24521686}
    - {x: -0.13815597, y: -0.3350769, z: 0.24684411}
    - {x: -0.13809665, y: -0.33507672, z: -0.5728056}
    - {x: 0.6888028, y: -0.34608963, z: -0.57280636}
    - {x: 0.17787977, y: 9.054514, z: -0.35815626}
    - {x: 0.11040014, y: 9.054514, z: -0.45812625}
    - {x: 0.028784558, y: 9.056211, z: -0.4044517}
    - {x: 0.08380176, y: 9.056211, z: -0.2883102}
    - {x: -0.13815597, y: -0.3350769, z: 0.24684411}
    - {x: 0.08380176, y: 9.056211, z: -0.2883102}
    - {x: 0.028784558, y: 9.056211, z: -0.4044517}
    - {x: -0.13809665, y: -0.33507672, z: -0.5728056}
    - {x: 0.6888028, y: -0.34608963, z: -0.57280636}
    - {x: 0.11040014, y: 9.054514, z: -0.45812625}
    - {x: 0.17787977, y: 9.054514, z: -0.35815626}
    - {x: 0.68880224, y: -0.34608966, z: 0.24521686}
    - {x: -0.13809665, y: -0.33507672, z: -0.5728056}
    - {x: 0.028784558, y: 9.056211, z: -0.4044517}
    - {x: 0.11040014, y: 9.054514, z: -0.45812625}
    - {x: 0.6888028, y: -0.34608963, z: -0.57280636}
    - {x: 0.68880224, y: -0.34608966, z: 0.24521686}
    - {x: 0.17787977, y: 9.054514, z: -0.35815626}
    - {x: 0.08380176, y: 9.056211, z: -0.2883102}
    - {x: -0.13815597, y: -0.3350769, z: 0.24684411}
    - {x: 0.57800335, y: 0.25928417, z: -0.36822087}
    - {x: 2.9385686, y: 0.8549362, z: 1.9873221}
    - {x: -0.2196895, y: 0.8549355, z: 3.4039395}
    - {x: -0.2196895, y: 0.8549355, z: 3.4039395}
    - {x: -2.5374131, y: 0.85493577, z: -2.433122}
    - {x: 0.57800335, y: 0.25928417, z: -0.36822087}
    - {x: 0.57800335, y: 0.25928417, z: -0.36822087}
    - {x: 3.9811358, y: 0.8549359, z: -1.635006}
    - {x: 2.9385686, y: 0.8549362, z: 1.9873221}
    - {x: 0.57800335, y: 0.25928417, z: -0.36822087}
    - {x: 1.1685743, y: 0.8549355, z: -4.039014}
    - {x: 3.9811358, y: 0.8549359, z: -1.635006}
    - {x: 0.57800335, y: 0.25928417, z: -0.36822087}
    - {x: -2.5374131, y: 0.85493577, z: -2.433122}
    - {x: 1.1685743, y: 0.8549355, z: -4.039014}
    - {x: -0.2196895, y: 0.8549355, z: 3.4039395}
    - {x: -3.1715834, y: 1.8187248, z: -0.21481939}
    - {x: -2.5374131, y: 0.85493577, z: -2.433122}
    - {x: 2.9385686, y: 0.8549362, z: 1.9873221}
    - {x: 0.2641535, y: 1.8187248, z: 3.3069677}
    - {x: -0.2196895, y: 0.8549355, z: 3.4039395}
    - {x: 3.9811358, y: 0.8549359, z: -1.635006}
    - {x: 3.8454852, y: 1.8187251, z: 0.6581157}
    - {x: 2.9385686, y: 0.8549362, z: 1.9873221}
    - {x: 1.1685743, y: 0.8549355, z: -4.039014}
    - {x: 3.499366, y: 1.8187252, z: -2.6607714}
    - {x: 3.9811358, y: 0.8549359, z: -1.635006}
    - {x: -2.5374131, y: 0.85493577, z: -2.433122}
    - {x: -1.7959765, y: 1.8187245, z: -3.3824272}
    - {x: 1.1685743, y: 0.8549355, z: -4.039014}
    - {x: -0.2196895, y: 0.8549355, z: 3.4039395}
    - {x: 0.2641535, y: 1.8187248, z: 3.3069677}
    - {x: -3.1715834, y: 1.8187248, z: -0.21481939}
    - {x: 2.9385686, y: 0.8549362, z: 1.9873221}
    - {x: 3.8454852, y: 1.8187251, z: 0.6581157}
    - {x: 0.2641535, y: 1.8187248, z: 3.3069677}
    - {x: 3.9811358, y: 0.8549359, z: -1.635006}
    - {x: 3.499366, y: 1.8187252, z: -2.6607714}
    - {x: 3.8454852, y: 1.8187251, z: 0.6581157}
    - {x: 1.1685743, y: 0.8549355, z: -4.039014}
    - {x: -1.7959765, y: 1.8187245, z: -3.3824272}
    - {x: 3.499366, y: 1.8187252, z: -2.6607714}
    - {x: -2.5374131, y: 0.85493577, z: -2.433122}
    - {x: -3.1715834, y: 1.8187248, z: -0.21481939}
    - {x: -1.7959765, y: 1.8187245, z: -3.3824272}
    - {x: 0.2641535, y: 1.8187248, z: 3.3069677}
    - {x: 0.5752565, y: 2.4143767, z: -0.36897722}
    - {x: -3.1715834, y: 1.8187248, z: -0.21481939}
    - {x: 3.8454852, y: 1.8187251, z: 0.6581157}
    - {x: 0.5752565, y: 2.4143767, z: -0.36897722}
    - {x: 0.2641535, y: 1.8187248, z: 3.3069677}
    - {x: 3.499366, y: 1.8187252, z: -2.6607714}
    - {x: 0.5752565, y: 2.4143767, z: -0.36897722}
    - {x: 3.8454852, y: 1.8187251, z: 0.6581157}
    - {x: -1.7959765, y: 1.8187245, z: -3.3824272}
    - {x: 0.5752565, y: 2.4143767, z: -0.36897722}
    - {x: 3.499366, y: 1.8187252, z: -2.6607714}
    - {x: -3.1715834, y: 1.8187248, z: -0.21481939}
    - {x: 0.5752565, y: 2.4143767, z: -0.36897722}
    - {x: -1.7959765, y: 1.8187245, z: -3.3824272}
    - {x: 0.6092781, y: 1.8022549, z: -0.33362418}
    - {x: 3.3043432, y: 2.2954302, z: -1.6384307}
    - {x: 2.5193617, y: 2.2954302, z: 1.8417323}
    - {x: 2.5193617, y: 2.2954302, z: 1.8417323}
    - {x: -0.6803701, y: 2.29543, z: 2.5286736}
    - {x: 0.6092781, y: 1.8022549, z: -0.33362418}
    - {x: 0.6092781, y: 1.8022549, z: -0.33362418}
    - {x: -0.18388666, y: 2.2954304, z: -3.3940043}
    - {x: 3.3043432, y: 2.2954302, z: -1.6384307}
    - {x: 0.6092781, y: 1.8022549, z: -0.33362418}
    - {x: -2.2206435, y: 2.2954297, z: -1.5728396}
    - {x: -0.18388666, y: 2.2954304, z: -3.3940043}
    - {x: 0.6092781, y: 1.8022549, z: -0.33362418}
    - {x: -0.6803701, y: 2.29543, z: 2.5286736}
    - {x: -2.2206435, y: 2.2954297, z: -1.5728396}
    - {x: 2.5193617, y: 2.2954302, z: 1.8417323}
    - {x: 0.40233862, y: 3.093409, z: 2.7096376}
    - {x: -0.6803701, y: 2.29543, z: 2.5286736}
    - {x: 3.3043432, y: 2.2954302, z: -1.6384307}
    - {x: 3.093806, y: 3.093409, z: -0.8285074}
    - {x: 2.5193617, y: 2.2954302, z: 1.8417323}
    - {x: -0.18388666, y: 2.2954304, z: -3.3940043}
    - {x: 2.4339976, y: 3.0934093, z: -2.8034365}
    - {x: 3.3043432, y: 2.2954302, z: -1.6384307}
    - {x: -2.2206435, y: 2.2954297, z: -1.5728396}
    - {x: -1.4040774, y: 3.093409, z: -2.746223}
    - {x: -0.18388666, y: 2.2954304, z: -3.3940043}
    - {x: -0.6803701, y: 2.29543, z: 2.5286736}
    - {x: -2.3437371, y: 3.0934083, z: 1.262169}
    - {x: -2.2206435, y: 2.2954297, z: -1.5728396}
    - {x: 2.5193617, y: 2.2954302, z: 1.8417323}
    - {x: 3.093806, y: 3.093409, z: -0.8285074}
    - {x: 0.40233862, y: 3.093409, z: 2.7096376}
    - {x: 3.3043432, y: 2.2954302, z: -1.6384307}
    - {x: 2.4339976, y: 3.0934093, z: -2.8034365}
    - {x: 3.093806, y: 3.093409, z: -0.8285074}
    - {x: -0.18388666, y: 2.2954304, z: -3.3940043}
    - {x: -1.4040774, y: 3.093409, z: -2.746223}
    - {x: 2.4339976, y: 3.0934093, z: -2.8034365}
    - {x: -2.2206435, y: 2.2954297, z: -1.5728396}
    - {x: -2.3437371, y: 3.0934083, z: 1.262169}
    - {x: -1.4040774, y: 3.093409, z: -2.746223}
    - {x: -0.6803701, y: 2.29543, z: 2.5286736}
    - {x: 0.40233862, y: 3.093409, z: 2.7096376}
    - {x: -2.3437371, y: 3.0934083, z: 1.262169}
    - {x: 3.093806, y: 3.093409, z: -0.8285074}
    - {x: 0.57572556, y: 3.5865848, z: -0.34033015}
    - {x: 0.40233862, y: 3.093409, z: 2.7096376}
    - {x: 2.4339976, y: 3.0934093, z: -2.8034365}
    - {x: 0.57572556, y: 3.5865848, z: -0.34033015}
    - {x: 3.093806, y: 3.093409, z: -0.8285074}
    - {x: -1.4040774, y: 3.093409, z: -2.746223}
    - {x: 0.57572556, y: 3.5865848, z: -0.34033015}
    - {x: 2.4339976, y: 3.0934093, z: -2.8034365}
    - {x: -2.3437371, y: 3.0934083, z: 1.262169}
    - {x: 0.57572556, y: 3.5865848, z: -0.34033015}
    - {x: -1.4040774, y: 3.093409, z: -2.746223}
    - {x: 0.40233862, y: 3.093409, z: 2.7096376}
    - {x: 0.57572556, y: 3.5865848, z: -0.34033015}
    - {x: -2.3437371, y: 3.0934083, z: 1.262169}
    - {x: 0.5453764, y: 3.4273572, z: -0.37354025}
    - {x: 1.507368, y: 3.8557034, z: 2.0904188}
    - {x: -0.9231794, y: 3.8557026, z: 2.1858747}
    - {x: -0.9231794, y: 3.8557026, z: 2.1858747}
    - {x: -2.071271, y: 3.8557026, z: -1.4738162}
    - {x: 0.5453764, y: 3.4273572, z: -0.37354025}
    - {x: 0.5453764, y: 3.4273572, z: -0.37354025}
    - {x: 2.8141723, y: 3.8557034, z: -1.2077886}
    - {x: 1.507368, y: 3.8557034, z: 2.0904188}
    - {x: 0.5453764, y: 3.4273572, z: -0.37354025}
    - {x: 0.23373058, y: 3.8557024, z: -3.060179}
    - {x: 2.8141723, y: 3.8557034, z: -1.2077886}
    - {x: 0.5453764, y: 3.4273572, z: -0.37354025}
    - {x: -2.071271, y: 3.8557026, z: -1.4738162}
    - {x: 0.23373058, y: 3.8557024, z: -3.060179}
    - {x: -0.9231794, y: 3.8557026, z: 2.1858747}
    - {x: -2.2826695, y: 4.5487847, z: 0.4210572}
    - {x: -2.071271, y: 3.8557026, z: -1.4738162}
    - {x: 1.507368, y: 3.8557034, z: 2.0904188}
    - {x: 0.13438547, y: 4.5487857, z: 2.2649426}
    - {x: -0.9231794, y: 3.8557026, z: 2.1858747}
    - {x: 2.8141723, y: 3.8557034, z: -1.2077886}
    - {x: 2.8270824, y: 4.5487847, z: 0.5492038}
    - {x: 1.507368, y: 3.8557034, z: 2.0904188}
    - {x: 0.23373058, y: 3.8557024, z: -3.060179}
    - {x: 1.4894257, y: 4.5487847, z: -2.7266643}
    - {x: 2.8141723, y: 3.8557034, z: -1.2077886}
    - {x: -2.071271, y: 3.8557026, z: -1.4738162}
    - {x: -1.5256242, y: 4.5487843, z: -2.3963504}
    - {x: 0.23373058, y: 3.8557024, z: -3.060179}
    - {x: -0.9231794, y: 3.8557026, z: 2.1858747}
    - {x: 0.13438547, y: 4.5487857, z: 2.2649426}
    - {x: -2.2826695, y: 4.5487847, z: 0.4210572}
    - {x: 1.507368, y: 3.8557034, z: 2.0904188}
    - {x: 2.8270824, y: 4.5487847, z: 0.5492038}
    - {x: 0.13438547, y: 4.5487857, z: 2.2649426}
    - {x: 2.8141723, y: 3.8557034, z: -1.2077886}
    - {x: 1.4894257, y: 4.5487847, z: -2.7266643}
    - {x: 2.8270824, y: 4.5487847, z: 0.5492038}
    - {x: 0.23373058, y: 3.8557024, z: -3.060179}
    - {x: -1.5256242, y: 4.5487843, z: -2.3963504}
    - {x: 1.4894257, y: 4.5487847, z: -2.7266643}
    - {x: -2.071271, y: 3.8557026, z: -1.4738162}
    - {x: -2.2826695, y: 4.5487847, z: 0.4210572}
    - {x: -1.5256242, y: 4.5487843, z: -2.3963504}
    - {x: 0.13438547, y: 4.5487857, z: 2.2649426}
    - {x: 0.47098044, y: 4.9771304, z: -0.38650995}
    - {x: -2.2826695, y: 4.5487847, z: 0.4210572}
    - {x: 2.8270824, y: 4.5487847, z: 0.5492038}
    - {x: 0.47098044, y: 4.9771304, z: -0.38650995}
    - {x: 0.13438547, y: 4.5487857, z: 2.2649426}
    - {x: 1.4894257, y: 4.5487847, z: -2.7266643}
    - {x: 0.47098044, y: 4.9771304, z: -0.38650995}
    - {x: 2.8270824, y: 4.5487847, z: 0.5492038}
    - {x: -1.5256242, y: 4.5487843, z: -2.3963504}
    - {x: 0.47098044, y: 4.9771304, z: -0.38650995}
    - {x: 1.4894257, y: 4.5487847, z: -2.7266643}
    - {x: -2.2826695, y: 4.5487847, z: 0.4210572}
    - {x: 0.47098044, y: 4.9771304, z: -0.38650995}
    - {x: -1.5256242, y: 4.5487843, z: -2.3963504}
    - {x: 0.49439257, y: 5.2427325, z: -0.35995978}
    - {x: 1.3064733, y: 5.6116953, z: -2.1742272}
    - {x: 1.7557948, y: 5.6116953, z: 1.6511735}
    - {x: 1.7557948, y: 5.6116953, z: 1.6511735}
    - {x: -0.76470524, y: 5.6116953, z: 1.6111093}
    - {x: 0.49439257, y: 5.2427325, z: -0.35995978}
    - {x: 0.49439257, y: 5.2427325, z: -0.35995978}
    - {x: -1.411818, y: 5.6116962, z: -2.1225646}
    - {x: 1.3064733, y: 5.6116953, z: -2.1742272}
    - {x: 0.49439257, y: 5.2427325, z: -0.35995978}
    - {x: -2.2264087, y: 5.611695, z: 0.07762661}
    - {x: -1.411818, y: 5.6116962, z: -2.1225646}
    - {x: 0.49439257, y: 5.2427325, z: -0.35995978}
    - {x: -0.76470524, y: 5.6116953, z: 1.6111093}
    - {x: -2.2264087, y: 5.611695, z: 0.07762661}
    - {x: 1.7557948, y: 5.6116953, z: 1.6511735}
    - {x: 0.38085154, y: 6.2086926, z: 1.9393574}
    - {x: -0.76470524, y: 5.6116953, z: 1.6111093}
    - {x: 1.3064733, y: 5.6116953, z: -2.1742272}
    - {x: 2.6715202, y: 6.208693, z: 0.08803157}
    - {x: 1.7557948, y: 5.6116953, z: 1.6511735}
    - {x: -1.411818, y: 5.6116962, z: -2.1225646}
    - {x: 0.09234987, y: 6.208693, z: -2.652027}
    - {x: 1.3064733, y: 5.6116953, z: -2.1742272}
    - {x: -2.2264087, y: 5.611695, z: 0.07762661}
    - {x: -1.6294005, y: 6.2086926, z: -1.7101082}
    - {x: -1.411818, y: 5.6116962, z: -2.1225646}
    - {x: -0.76470524, y: 5.6116953, z: 1.6111093}
    - {x: -1.6905651, y: 6.208692, z: 0.7716589}
    - {x: -2.2264087, y: 5.611695, z: 0.07762661}
    - {x: 1.7557948, y: 5.6116953, z: 1.6511735}
    - {x: 2.6715202, y: 6.208693, z: 0.08803157}
    - {x: 0.38085154, y: 6.2086926, z: 1.9393574}
    - {x: 1.3064733, y: 5.6116953, z: -2.1742272}
    - {x: 0.09234987, y: 6.208693, z: -2.652027}
    - {x: 2.6715202, y: 6.208693, z: 0.08803157}
    - {x: -1.411818, y: 5.6116962, z: -2.1225646}
    - {x: -1.6294005, y: 6.2086926, z: -1.7101082}
    - {x: 0.09234987, y: 6.208693, z: -2.652027}
    - {x: -2.2264087, y: 5.611695, z: 0.07762661}
    - {x: -1.6905651, y: 6.208692, z: 0.7716589}
    - {x: -1.6294005, y: 6.2086926, z: -1.7101082}
    - {x: -0.76470524, y: 5.6116953, z: 1.6111093}
    - {x: 0.38085154, y: 6.2086926, z: 1.9393574}
    - {x: -1.6905651, y: 6.208692, z: 0.7716589}
    - {x: 2.6715202, y: 6.208693, z: 0.08803157}
    - {x: 0.4445973, y: 6.5776563, z: -0.39914408}
    - {x: 0.38085154, y: 6.2086926, z: 1.9393574}
    - {x: 0.09234987, y: 6.208693, z: -2.652027}
    - {x: 0.4445973, y: 6.5776563, z: -0.39914408}
    - {x: 2.6715202, y: 6.208693, z: 0.08803157}
    - {x: -1.6294005, y: 6.2086926, z: -1.7101082}
    - {x: 0.4445973, y: 6.5776563, z: -0.39914408}
    - {x: 0.09234987, y: 6.208693, z: -2.652027}
    - {x: -1.6905651, y: 6.208692, z: 0.7716589}
    - {x: 0.4445973, y: 6.5776563, z: -0.39914408}
    - {x: -1.6294005, y: 6.2086926, z: -1.7101082}
    - {x: 0.38085154, y: 6.2086926, z: 1.9393574}
    - {x: 0.4445973, y: 6.5776563, z: -0.39914408}
    - {x: -1.6905651, y: 6.208692, z: 0.7716589}
    - {x: 0.3992571, y: 6.7478886, z: -0.42545795}
    - {x: 1.2602179, y: 7.0042877, z: 0.97250205}
    - {x: -0.6207014, y: 7.004287, z: 0.7562584}
    - {x: -0.6207014, y: 7.004287, z: 0.7562584}
    - {x: -1.3587391, y: 7.0042877, z: -0.68338484}
    - {x: 0.3992571, y: 6.7478886, z: -0.42545795}
    - {x: 0.3992571, y: 6.7478886, z: -0.42545795}
    - {x: 1.7179427, y: 7.0042877, z: -1.0409821}
    - {x: 1.2602179, y: 7.0042877, z: 0.97250205}
    - {x: 0.3992571, y: 6.7478886, z: -0.42545795}
    - {x: -0.070967376, y: 7.004287, z: -1.964645}
    - {x: 1.7179427, y: 7.0042877, z: -1.0409821}
    - {x: 0.3992571, y: 6.7478886, z: -0.42545795}
    - {x: -1.3587391, y: 7.0042877, z: -0.68338484}
    - {x: -0.070967376, y: 7.004287, z: -1.964645}
    - {x: -0.6207014, y: 7.004287, z: 0.7562584}
    - {x: -1.1518229, y: 7.4191527, z: 0.041877635}
    - {x: -1.3587391, y: 7.0042877, z: -0.68338484}
    - {x: 1.2602179, y: 7.0042877, z: 0.97250205}
    - {x: 0.31739965, y: 7.4191527, z: 1.1743777}
    - {x: -0.6207014, y: 7.004287, z: 0.7562584}
    - {x: 1.7179427, y: 7.0042877, z: -1.0409821}
    - {x: 1.876538, y: 7.4191513, z: 0.039129507}
    - {x: 1.2602179, y: 7.0042877, z: 0.97250205}
    - {x: -0.070967376, y: 7.004287, z: -1.964645}
    - {x: 1.3027109, y: 7.4191527, z: -1.7088511}
    - {x: 1.7179427, y: 7.0042877, z: -1.0409821}
    - {x: -1.3587391, y: 7.0042877, z: -0.68338484}
    - {x: -0.56927097, y: 7.4191513, z: -1.701903}
    - {x: -0.070967376, y: 7.004287, z: -1.964645}
    - {x: -0.6207014, y: 7.004287, z: 0.7562584}
    - {x: 0.31739965, y: 7.4191527, z: 1.1743777}
    - {x: -1.1518229, y: 7.4191527, z: 0.041877635}
    - {x: 1.2602179, y: 7.0042877, z: 0.97250205}
    - {x: 1.876538, y: 7.4191513, z: 0.039129507}
    - {x: 0.31739965, y: 7.4191527, z: 1.1743777}
    - {x: 1.7179427, y: 7.0042877, z: -1.0409821}
    - {x: 1.3027109, y: 7.4191527, z: -1.7088511}
    - {x: 1.876538, y: 7.4191513, z: 0.039129507}
    - {x: -0.070967376, y: 7.004287, z: -1.964645}
    - {x: -0.56927097, y: 7.4191513, z: -1.701903}
    - {x: 1.3027109, y: 7.4191527, z: -1.7088511}
    - {x: -1.3587391, y: 7.0042877, z: -0.68338484}
    - {x: -1.1518229, y: 7.4191527, z: 0.041877635}
    - {x: -0.56927097, y: 7.4191513, z: -1.701903}
    - {x: 0.31739965, y: 7.4191527, z: 1.1743777}
    - {x: 0.24762185, y: 7.675551, z: -0.42262763}
    - {x: -1.1518229, y: 7.4191527, z: 0.041877635}
    - {x: 1.876538, y: 7.4191513, z: 0.039129507}
    - {x: 0.24762185, y: 7.675551, z: -0.42262763}
    - {x: 0.31739965, y: 7.4191527, z: 1.1743777}
    - {x: 1.3027109, y: 7.4191527, z: -1.7088511}
    - {x: 0.24762185, y: 7.675551, z: -0.42262763}
    - {x: 1.876538, y: 7.4191513, z: 0.039129507}
    - {x: -0.56927097, y: 7.4191513, z: -1.701903}
    - {x: 0.24762185, y: 7.675551, z: -0.42262763}
    - {x: 1.3027109, y: 7.4191527, z: -1.7088511}
    - {x: -1.1518229, y: 7.4191527, z: 0.041877635}
    - {x: 0.24762185, y: 7.675551, z: -0.42262763}
    - {x: -0.56927097, y: 7.4191513, z: -1.701903}
    - {x: 0.25311413, y: 7.818327, z: -0.4030525}
    - {x: 1.3627887, y: 8.038767, z: -1.2262819}
    - {x: 1.4017472, y: 8.038766, z: 0.31177387}
    - {x: 1.4017472, y: 8.038766, z: 0.31177387}
    - {x: -0.14102003, y: 8.038764, z: 0.8669174}
    - {x: 0.25311413, y: 7.818327, z: -0.4030525}
    - {x: 0.25311413, y: 7.818327, z: -0.4030525}
    - {x: 0.22730453, y: 8.038766, z: -1.7391093}
    - {x: 1.3627887, y: 8.038767, z: -1.2262819}
    - {x: 0.25311413, y: 7.818327, z: -0.4030525}
    - {x: -0.8620467, y: 8.038764, z: -0.63659817}
    - {x: 0.22730453, y: 8.038766, z: -1.7391093}
    - {x: 0.25311413, y: 7.818327, z: -0.4030525}
    - {x: -0.14102003, y: 8.038764, z: 0.8669174}
    - {x: -0.8620467, y: 8.038764, z: -0.63659817}
    - {x: 1.4017472, y: 8.038766, z: 0.31177387}
    - {x: 0.7433772, y: 8.395445, z: 0.8971651}
    - {x: -0.14102003, y: 8.038764, z: 0.8669174}
    - {x: 1.3627887, y: 8.038767, z: -1.2262819}
    - {x: 1.4827217, y: 8.395445, z: -0.5911763}
    - {x: 1.4017472, y: 8.038766, z: 0.31177387}
    - {x: 0.22730453, y: 8.038766, z: -1.7391093}
    - {x: 0.8019432, y: 8.395445, z: -1.6721127}
    - {x: 1.3627887, y: 8.038767, z: -1.2262819}
    - {x: -0.8620467, y: 8.038764, z: -0.63659817}
    - {x: -0.48987517, y: 8.395444, z: -1.3676476}
    - {x: 0.22730453, y: 8.038766, z: -1.7391093}
    - {x: -0.14102003, y: 8.038764, z: 0.8669174}
    - {x: -0.7797824, y: 8.395445, z: 0.25148955}
    - {x: -0.8620467, y: 8.038764, z: -0.63659817}
    - {x: 1.4017472, y: 8.038766, z: 0.31177387}
    - {x: 1.4827217, y: 8.395445, z: -0.5911763}
    - {x: 0.7433772, y: 8.395445, z: 0.8971651}
    - {x: 1.3627887, y: 8.038767, z: -1.2262819}
    - {x: 0.8019432, y: 8.395445, z: -1.6721127}
    - {x: 1.4827217, y: 8.395445, z: -0.5911763}
    - {x: 0.22730453, y: 8.038766, z: -1.7391093}
    - {x: -0.48987517, y: 8.395444, z: -1.3676476}
    - {x: 0.8019432, y: 8.395445, z: -1.6721127}
    - {x: -0.8620467, y: 8.038764, z: -0.63659817}
    - {x: -0.7797824, y: 8.395445, z: 0.25148955}
    - {x: -0.48987517, y: 8.395444, z: -1.3676476}
    - {x: -0.14102003, y: 8.038764, z: 0.8669174}
    - {x: 0.7433772, y: 8.395445, z: 0.8971651}
    - {x: -0.7797824, y: 8.395445, z: 0.25148955}
    - {x: 1.4827217, y: 8.395445, z: -0.5911763}
    - {x: 0.1181096, y: 8.615885, z: -0.3633212}
    - {x: 0.7433772, y: 8.395445, z: 0.8971651}
    - {x: 0.8019432, y: 8.395445, z: -1.6721127}
    - {x: 0.1181096, y: 8.615885, z: -0.3633212}
    - {x: 1.4827217, y: 8.395445, z: -0.5911763}
    - {x: -0.48987517, y: 8.395444, z: -1.3676476}
    - {x: 0.1181096, y: 8.615885, z: -0.3633212}
    - {x: 0.8019432, y: 8.395445, z: -1.6721127}
    - {x: -0.7797824, y: 8.395445, z: 0.25148955}
    - {x: 0.1181096, y: 8.615885, z: -0.3633212}
    - {x: -0.48987517, y: 8.395444, z: -1.3676476}
    - {x: 0.7433772, y: 8.395445, z: 0.8971651}
    - {x: 0.1181096, y: 8.615885, z: -0.3633212}
    - {x: -0.7797824, y: 8.395445, z: 0.25148955}
    - {x: 0.06372084, y: 8.869414, z: -0.3637305}
    - {x: 0.8062344, y: 9.023052, z: 0.19198762}
    - {x: -0.23409382, y: 9.023051, z: 0.44542095}
    - {x: -0.23409382, y: 9.023051, z: 0.44542095}
    - {x: -0.5983964, y: 9.023051, z: -0.6732375}
    - {x: 0.06372084, y: 8.869414, z: -0.3637305}
    - {x: 0.06372084, y: 8.869414, z: -0.3637305}
    - {x: 0.76368886, y: 9.023052, z: -0.9228607}
    - {x: 0.8062344, y: 9.023052, z: 0.19198762}
    - {x: 0.06372084, y: 8.869414, z: -0.3637305}
    - {x: 0.11045937, y: 9.023051, z: -1.340911}
    - {x: 0.76368886, y: 9.023052, z: -0.9228607}
    - {x: 0.06372084, y: 8.869414, z: -0.3637305}
    - {x: -0.5983964, y: 9.023051, z: -0.6732375}
    - {x: 0.11045937, y: 9.023051, z: -1.340911}
    - {x: -0.23409382, y: 9.023051, z: 0.44542095}
    - {x: -0.5995835, y: 9.271644, z: -0.07760063}
    - {x: -0.5983964, y: 9.023051, z: -0.6732375}
    - {x: 0.8062344, y: 9.023052, z: 0.19198762}
    - {x: 0.33035392, y: 9.271644, z: 0.5644453}
    - {x: -0.23409382, y: 9.023051, z: 0.44542095}
    - {x: 0.76368886, y: 9.023052, z: -0.9228607}
    - {x: 0.9195773, y: 9.271644, z: -0.37727514}
    - {x: 0.8062344, y: 9.023052, z: 0.19198762}
    - {x: 0.11045937, y: 9.023051, z: -1.340911}
    - {x: 0.5003962, y: 9.271644, z: -1.2396729}
    - {x: 0.76368886, y: 9.023052, z: -0.9228607}
    - {x: -0.5983964, y: 9.023051, z: -0.6732375}
    - {x: -0.28387937, y: 9.271644, z: -1.153025}
    - {x: 0.11045937, y: 9.023051, z: -1.340911}
    - {x: -0.23409382, y: 9.023051, z: 0.44542095}
    - {x: 0.33035392, y: 9.271644, z: 0.5644453}
    - {x: -0.5995835, y: 9.271644, z: -0.07760063}
    - {x: 0.8062344, y: 9.023052, z: 0.19198762}
    - {x: 0.9195773, y: 9.271644, z: -0.37727514}
    - {x: 0.33035392, y: 9.271644, z: 0.5644453}
    - {x: 0.76368886, y: 9.023052, z: -0.9228607}
    - {x: 0.5003962, y: 9.271644, z: -1.2396729}
    - {x: 0.9195773, y: 9.271644, z: -0.37727514}
    - {x: 0.11045937, y: 9.023051, z: -1.340911}
    - {x: -0.28387937, y: 9.271644, z: -1.153025}
    - {x: 0.5003962, y: 9.271644, z: -1.2396729}
    - {x: -0.5983964, y: 9.023051, z: -0.6732375}
    - {x: -0.5995835, y: 9.271644, z: -0.07760063}
    - {x: -0.28387937, y: 9.271644, z: -1.153025}
    - {x: 0.33035392, y: 9.271644, z: 0.5644453}
    - {x: 0.0769081, y: 9.425282, z: -0.35446662}
    - {x: -0.5995835, y: 9.271644, z: -0.07760063}
    - {x: 0.9195773, y: 9.271644, z: -0.37727514}
    - {x: 0.0769081, y: 9.425282, z: -0.35446662}
    - {x: 0.33035392, y: 9.271644, z: 0.5644453}
    - {x: 0.5003962, y: 9.271644, z: -1.2396729}
    - {x: 0.0769081, y: 9.425282, z: -0.35446662}
    - {x: 0.9195773, y: 9.271644, z: -0.37727514}
    - {x: -0.28387937, y: 9.271644, z: -1.153025}
    - {x: 0.0769081, y: 9.425282, z: -0.35446662}
    - {x: 0.5003962, y: 9.271644, z: -1.2396729}
    - {x: -0.5995835, y: 9.271644, z: -0.07760063}
    - {x: 0.0769081, y: 9.425282, z: -0.35446662}
    - {x: -0.28387937, y: 9.271644, z: -1.153025}
    normals:
    - {x: -0.013316611, y: -0.9999113, z: -0.00000061409776}
    - {x: -0.013316611, y: -0.9999113, z: -0.00000061409776}
    - {x: -0.013316611, y: -0.9999113, z: -0.00000061409776}
    - {x: -0.013316611, y: -0.9999113, z: -0.00000061409776}
    - {x: 0.013811641, y: 0.999874, z: -0.00783111}
    - {x: 0.013811641, y: 0.999874, z: -0.00783111}
    - {x: 0.013811641, y: 0.999874, z: -0.00783111}
    - {x: 0.013811641, y: 0.999874, z: -0.00783111}
    - {x: -0.9980426, y: 0.02180624, z: 0.05861384}
    - {x: -0.9980426, y: 0.02180624, z: 0.05861384}
    - {x: -0.9980426, y: 0.02180624, z: 0.05861384}
    - {x: -0.9980426, y: 0.02180624, z: 0.05861384}
    - {x: 0.99575585, y: 0.055790663, z: -0.07319524}
    - {x: 0.99575585, y: 0.055790663, z: -0.07319524}
    - {x: 0.99575585, y: 0.055790663, z: -0.07319524}
    - {x: 0.99575585, y: 0.055790663, z: -0.07319524}
    - {x: -0.05878023, y: 0.013746805, z: -0.99817634}
    - {x: -0.05878023, y: 0.013746805, z: -0.99817634}
    - {x: -0.05878023, y: 0.013746805, z: -0.99817634}
    - {x: -0.05878023, y: 0.013746805, z: -0.99817634}
    - {x: 0.078065425, y: 0.06148664, z: 0.9950504}
    - {x: 0.078065425, y: 0.06148664, z: 0.9950504}
    - {x: 0.078065425, y: 0.06148664, z: 0.9950504}
    - {x: 0.078065425, y: 0.06148664, z: 0.9950504}
    - {x: 0.076858565, y: -0.9822075, z: 0.17135078}
    - {x: 0.076858565, y: -0.9822075, z: 0.17135078}
    - {x: 0.076858565, y: -0.9822075, z: 0.17135078}
    - {x: -0.24992795, y: -0.9631654, z: 0.09923891}
    - {x: -0.24992795, y: -0.9631654, z: 0.09923891}
    - {x: -0.24992795, y: -0.9631654, z: 0.09923891}
    - {x: 0.19207719, y: -0.97982144, z: 0.05528316}
    - {x: 0.19207719, y: -0.97982144, z: 0.05528316}
    - {x: 0.19207719, y: -0.97982144, z: 0.05528316}
    - {x: 0.11983793, y: -0.98284376, z: -0.14020388}
    - {x: 0.11983793, y: -0.98284376, z: -0.14020388}
    - {x: 0.11983793, y: -0.98284376, z: -0.14020388}
    - {x: -0.074254036, y: -0.9824064, z: -0.17135918}
    - {x: -0.074254036, y: -0.9824064, z: -0.17135918}
    - {x: -0.074254036, y: -0.9824064, z: -0.17135918}
    - {x: -0.524967, y: -0.8252022, z: 0.20844877}
    - {x: -0.524967, y: -0.8252022, z: 0.20844877}
    - {x: -0.524967, y: -0.8252022, z: 0.20844877}
    - {x: 0.40664157, y: -0.11292662, z: 0.9065815}
    - {x: 0.40664157, y: -0.11292662, z: 0.9065815}
    - {x: 0.40664157, y: -0.11292662, z: 0.9065815}
    - {x: 0.85161823, y: -0.46332213, z: 0.2451102}
    - {x: 0.85161823, y: -0.46332213, z: 0.2451102}
    - {x: 0.85161823, y: -0.46332213, z: 0.2451102}
    - {x: 0.5847792, y: -0.43584135, z: -0.6841605}
    - {x: 0.5847792, y: -0.43584135, z: -0.6841605}
    - {x: 0.5847792, y: -0.43584135, z: -0.6841605}
    - {x: -0.34125504, y: -0.5131694, z: -0.7875292}
    - {x: -0.34125504, y: -0.5131694, z: -0.7875292}
    - {x: -0.34125504, y: -0.5131694, z: -0.7875292}
    - {x: -0.65767515, y: 0.3947221, z: 0.6416057}
    - {x: -0.65767515, y: 0.3947221, z: 0.6416057}
    - {x: -0.65767515, y: 0.3947221, z: 0.6416057}
    - {x: 0.5212057, y: 0.4814162, z: 0.7046866}
    - {x: 0.5212057, y: 0.4814162, z: 0.7046866}
    - {x: 0.5212057, y: 0.4814162, z: 0.7046866}
    - {x: 0.92763704, y: 0.36073622, z: -0.09674104}
    - {x: 0.92763704, y: 0.36073622, z: -0.09674104}
    - {x: 0.92763704, y: 0.36073622, z: -0.09674104}
    - {x: 0.09126967, y: 0.73698705, z: -0.66971624}
    - {x: 0.09126967, y: 0.73698705, z: -0.66971624}
    - {x: 0.09126967, y: 0.73698705, z: -0.66971624}
    - {x: -0.8752934, y: 0.29895335, z: -0.38011637}
    - {x: -0.8752934, y: 0.29895335, z: -0.38011637}
    - {x: -0.8752934, y: 0.29895335, z: -0.38011637}
    - {x: -0.14947046, y: 0.9779548, z: 0.14581826}
    - {x: -0.14947046, y: 0.9779548, z: 0.14581826}
    - {x: -0.14947046, y: 0.9779548, z: 0.14581826}
    - {x: 0.12499627, y: 0.97765803, z: 0.16899885}
    - {x: 0.12499627, y: 0.97765803, z: 0.16899885}
    - {x: 0.12499627, y: 0.97765803, z: 0.16899885}
    - {x: 0.18502457, y: 0.9825445, z: -0.019295732}
    - {x: 0.18502457, y: 0.9825445, z: -0.019295732}
    - {x: 0.18502457, y: 0.9825445, z: -0.019295732}
    - {x: 0.029447386, y: 0.97593176, z: -0.2160787}
    - {x: 0.029447386, y: 0.97593176, z: -0.2160787}
    - {x: 0.029447386, y: 0.97593176, z: -0.2160787}
    - {x: -0.15940362, y: 0.9847835, z: -0.06922478}
    - {x: -0.15940362, y: 0.9847835, z: -0.06922478}
    - {x: -0.15940362, y: 0.9847835, z: -0.06922478}
    - {x: 0.2010163, y: -0.978538, z: 0.045341015}
    - {x: 0.2010163, y: -0.978538, z: 0.045341015}
    - {x: 0.2010163, y: -0.978538, z: 0.045341015}
    - {x: 0.04019426, y: -0.98149496, z: 0.18722196}
    - {x: 0.04019426, y: -0.98149496, z: 0.18722196}
    - {x: 0.04019426, y: -0.98149496, z: 0.18722196}
    - {x: 0.09132445, y: -0.97914916, z: -0.18145709}
    - {x: 0.09132445, y: -0.97914916, z: -0.18145709}
    - {x: 0.09132445, y: -0.97914916, z: -0.18145709}
    - {x: -0.115220554, y: -0.98494625, z: -0.12886068}
    - {x: -0.115220554, y: -0.98494625, z: -0.12886068}
    - {x: -0.115220554, y: -0.98494625, z: -0.12886068}
    - {x: -0.20357896, y: -0.976069, z: 0.0764517}
    - {x: -0.20357896, y: -0.976069, z: 0.0764517}
    - {x: -0.20357896, y: -0.976069, z: 0.0764517}
    - {x: 0.18725277, y: -0.4518653, z: 0.8722122}
    - {x: 0.18725277, y: -0.4518653, z: 0.8722122}
    - {x: 0.18725277, y: -0.4518653, z: 0.8722122}
    - {x: 0.97492796, y: 0.034027647, z: 0.21990348}
    - {x: 0.97492796, y: 0.034027647, z: 0.21990348}
    - {x: 0.97492796, y: 0.034027647, z: 0.21990348}
    - {x: 0.34869322, y: -0.63118464, z: -0.692834}
    - {x: 0.34869322, y: -0.63118464, z: -0.692834}
    - {x: 0.34869322, y: -0.63118464, z: -0.692834}
    - {x: -0.6158425, y: -0.38257688, z: -0.68874735}
    - {x: -0.6158425, y: -0.38257688, z: -0.68874735}
    - {x: -0.6158425, y: -0.38257688, z: -0.68874735}
    - {x: -0.54582965, y: -0.8124367, z: 0.20497973}
    - {x: -0.54582965, y: -0.8124367, z: 0.20497973}
    - {x: -0.54582965, y: -0.8124367, z: 0.20497973}
    - {x: 0.45122197, y: 0.8237607, z: 0.34324476}
    - {x: 0.45122197, y: 0.8237607, z: 0.34324476}
    - {x: 0.45122197, y: 0.8237607, z: 0.34324476}
    - {x: 0.823347, y: 0.49642158, z: -0.27507362}
    - {x: 0.823347, y: 0.49642158, z: -0.27507362}
    - {x: 0.823347, y: 0.49642158, z: -0.27507362}
    - {x: -0.011702102, y: 0.61936516, z: -0.7850159}
    - {x: -0.011702102, y: 0.61936516, z: -0.7850159}
    - {x: -0.011702102, y: 0.61936516, z: -0.7850159}
    - {x: -0.8123282, y: 0.5512349, z: -0.19042842}
    - {x: -0.8123282, y: 0.5512349, z: -0.19042842}
    - {x: -0.8123282, y: 0.5512349, z: -0.19042842}
    - {x: -0.4280484, y: 0.39662114, z: 0.8120753}
    - {x: -0.4280484, y: 0.39662114, z: 0.8120753}
    - {x: -0.4280484, y: 0.39662114, z: 0.8120753}
    - {x: 0.22072254, y: 0.9607756, z: 0.16790396}
    - {x: 0.22072254, y: 0.9607756, z: 0.16790396}
    - {x: 0.22072254, y: 0.9607756, z: 0.16790396}
    - {x: 0.18057594, y: 0.9817091, z: -0.060328804}
    - {x: 0.18057594, y: 0.9817091, z: -0.060328804}
    - {x: 0.18057594, y: 0.9817091, z: -0.060328804}
    - {x: -0.0029589087, y: 0.98010194, z: -0.19847307}
    - {x: -0.0029589087, y: 0.98010194, z: -0.19847307}
    - {x: -0.0029589087, y: 0.98010194, z: -0.19847307}
    - {x: -0.19014053, y: 0.98074454, z: -0.044573236}
    - {x: -0.19014053, y: 0.98074454, z: -0.044573236}
    - {x: -0.19014053, y: 0.98074454, z: -0.044573236}
    - {x: -0.081479155, y: 0.9846149, z: 0.1545789}
    - {x: -0.081479155, y: 0.9846149, z: 0.1545789}
    - {x: -0.081479155, y: 0.9846149, z: 0.1545789}
    - {x: 0.0066283164, y: -0.985635, z: 0.16875966}
    - {x: 0.0066283164, y: -0.985635, z: 0.16875966}
    - {x: 0.0066283164, y: -0.985635, z: 0.16875966}
    - {x: -0.1849975, y: -0.9810238, z: 0.058036037}
    - {x: -0.1849975, y: -0.9810238, z: 0.058036037}
    - {x: -0.1849975, y: -0.9810238, z: 0.058036037}
    - {x: 0.21500441, y: -0.97289056, z: 0.085188545}
    - {x: 0.21500441, y: -0.97289056, z: 0.085188545}
    - {x: 0.21500441, y: -0.97289056, z: 0.085188545}
    - {x: 0.12208209, y: -0.9778416, z: -0.17006394}
    - {x: 0.12208209, y: -0.9778416, z: -0.17006394}
    - {x: 0.12208209, y: -0.9778416, z: -0.17006394}
    - {x: -0.1000217, y: -0.9843141, z: -0.14533217}
    - {x: -0.1000217, y: -0.9843141, z: -0.14533217}
    - {x: -0.1000217, y: -0.9843141, z: -0.14533217}
    - {x: -0.6388401, y: -0.7427774, z: 0.20041217}
    - {x: -0.6388401, y: -0.7427774, z: 0.20041217}
    - {x: -0.6388401, y: -0.7427774, z: 0.20041217}
    - {x: 0.038663186, y: -0.17130396, z: 0.9844593}
    - {x: 0.038663186, y: -0.17130396, z: 0.9844593}
    - {x: 0.038663186, y: -0.17130396, z: 0.9844593}
    - {x: 0.67364466, y: -0.689175, z: 0.26690933}
    - {x: 0.67364466, y: -0.689175, z: 0.26690933}
    - {x: 0.67364466, y: -0.689175, z: 0.26690933}
    - {x: 0.48544925, y: -0.55410206, z: -0.676247}
    - {x: 0.48544925, y: -0.55410206, z: -0.676247}
    - {x: 0.48544925, y: -0.55410206, z: -0.676247}
    - {x: -0.4753118, y: -0.5450733, z: -0.6906329}
    - {x: -0.4753118, y: -0.5450733, z: -0.6906329}
    - {x: -0.4753118, y: -0.5450733, z: -0.6906329}
    - {x: -0.46561304, y: 0.6408428, z: 0.6103482}
    - {x: -0.46561304, y: 0.6408428, z: 0.6103482}
    - {x: -0.46561304, y: 0.6408428, z: 0.6103482}
    - {x: 0.40900674, y: 0.64859855, z: 0.64189833}
    - {x: 0.40900674, y: 0.64859855, z: 0.64189833}
    - {x: 0.40900674, y: 0.64859855, z: 0.64189833}
    - {x: 0.6741911, y: 0.6853308, z: -0.2752965}
    - {x: 0.6741911, y: 0.6853308, z: -0.2752965}
    - {x: 0.6741911, y: 0.6853308, z: -0.2752965}
    - {x: -0.090237424, y: 0.5598428, z: -0.82367057}
    - {x: -0.090237424, y: 0.5598428, z: -0.82367057}
    - {x: -0.090237424, y: 0.5598428, z: -0.82367057}
    - {x: -0.8920142, y: 0.38322425, z: -0.23968694}
    - {x: -0.8920142, y: 0.38322425, z: -0.23968694}
    - {x: -0.8920142, y: 0.38322425, z: -0.23968694}
    - {x: -0.11048098, y: 0.98327017, z: 0.14482316}
    - {x: -0.11048098, y: 0.98327017, z: 0.14482316}
    - {x: -0.11048098, y: 0.98327017, z: 0.14482316}
    - {x: 0.10964132, y: 0.97896385, z: 0.17207138}
    - {x: 0.10964132, y: 0.97896385, z: 0.17207138}
    - {x: 0.10964132, y: 0.97896385, z: 0.17207138}
    - {x: 0.21126646, y: 0.97361404, z: -0.086267926}
    - {x: 0.21126646, y: 0.97361404, z: -0.086267926}
    - {x: 0.21126646, y: 0.97361404, z: -0.086267926}
    - {x: -0.020673985, y: 0.98181504, z: -0.18871081}
    - {x: -0.020673985, y: 0.98181504, z: -0.18871081}
    - {x: -0.020673985, y: 0.98181504, z: -0.18871081}
    - {x: -0.16633919, y: 0.9850551, z: -0.04469593}
    - {x: -0.16633919, y: 0.9850551, z: -0.04469593}
    - {x: -0.16633919, y: 0.9850551, z: -0.04469593}
    - {x: 0.33836904, y: -0.94017386, z: -0.039744087}
    - {x: 0.33836904, y: -0.94017386, z: -0.039744087}
    - {x: 0.33836904, y: -0.94017386, z: -0.039744087}
    - {x: -0.0028965333, y: -0.98325634, z: 0.18220498}
    - {x: -0.0028965333, y: -0.98325634, z: 0.18220498}
    - {x: -0.0028965333, y: -0.98325634, z: 0.18220498}
    - {x: -0.003819298, y: -0.9795985, z: -0.20092802}
    - {x: -0.003819298, y: -0.9795985, z: -0.20092802}
    - {x: -0.003819298, y: -0.9795985, z: -0.20092802}
    - {x: -0.14251894, y: -0.9883846, z: -0.05276644}
    - {x: -0.14251894, y: -0.9883846, z: -0.05276644}
    - {x: -0.14251894, y: -0.9883846, z: -0.05276644}
    - {x: -0.116060786, y: -0.9870619, z: 0.11062902}
    - {x: -0.116060786, y: -0.9870619, z: 0.11062902}
    - {x: -0.116060786, y: -0.9870619, z: 0.11062902}
    - {x: -0.014105316, y: -0.4608396, z: 0.88737136}
    - {x: -0.014105316, y: -0.4608396, z: 0.88737136}
    - {x: -0.014105316, y: -0.4608396, z: 0.88737136}
    - {x: 0.4764799, y: -0.8774022, z: -0.055966128}
    - {x: 0.4764799, y: -0.8774022, z: -0.055966128}
    - {x: 0.4764799, y: -0.8774022, z: -0.055966128}
    - {x: -0.014558277, y: -0.6426703, z: -0.76600456}
    - {x: -0.014558277, y: -0.6426703, z: -0.76600456}
    - {x: -0.014558277, y: -0.6426703, z: -0.76600456}
    - {x: -0.9329574, y: -0.10138527, z: -0.34541506}
    - {x: -0.9329574, y: -0.10138527, z: -0.34541506}
    - {x: -0.9329574, y: -0.10138527, z: -0.34541506}
    - {x: -0.71558124, y: -0.15067127, z: 0.6820862}
    - {x: -0.71558124, y: -0.15067127, z: 0.6820862}
    - {x: -0.71558124, y: -0.15067127, z: 0.6820862}
    - {x: 0.4287162, y: 0.73131263, z: 0.53045666}
    - {x: 0.4287162, y: 0.73131263, z: 0.53045666}
    - {x: 0.4287162, y: 0.73131263, z: 0.53045666}
    - {x: 0.5325959, y: 0.68192095, z: -0.5013238}
    - {x: 0.5325959, y: 0.68192095, z: -0.5013238}
    - {x: 0.5325959, y: 0.68192095, z: -0.5013238}
    - {x: -0.4407195, y: 0.3959515, z: -0.8055984}
    - {x: -0.4407195, y: 0.3959515, z: -0.8055984}
    - {x: -0.4407195, y: 0.3959515, z: -0.8055984}
    - {x: -0.73353577, y: 0.67941034, z: -0.018078147}
    - {x: -0.73353577, y: 0.67941034, z: -0.018078147}
    - {x: -0.73353577, y: 0.67941034, z: -0.018078147}
    - {x: -0.44556734, y: 0.42039314, z: 0.7904045}
    - {x: -0.44556734, y: 0.42039314, z: 0.7904045}
    - {x: -0.44556734, y: 0.42039314, z: 0.7904045}
    - {x: 0.12767039, y: 0.9791557, z: 0.15796925}
    - {x: 0.12767039, y: 0.9791557, z: 0.15796925}
    - {x: 0.12767039, y: 0.9791557, z: 0.15796925}
    - {x: 0.20057575, y: 0.9613139, z: -0.1887989}
    - {x: 0.20057575, y: 0.9613139, z: -0.1887989}
    - {x: 0.20057575, y: 0.9613139, z: -0.1887989}
    - {x: -0.08134213, y: 0.9855333, z: -0.14868636}
    - {x: -0.08134213, y: 0.9855333, z: -0.14868636}
    - {x: -0.08134213, y: 0.9855333, z: -0.14868636}
    - {x: -0.17254156, y: 0.9849931, z: -0.0042522205}
    - {x: -0.17254156, y: 0.9849931, z: -0.0042522205}
    - {x: -0.17254156, y: 0.9849931, z: -0.0042522205}
    - {x: -0.08623525, y: 0.9844603, z: 0.15297532}
    - {x: -0.08623525, y: 0.9844603, z: 0.15297532}
    - {x: -0.08623525, y: 0.9844603, z: 0.15297532}
    - {x: -0.022258408, y: -0.98082787, z: 0.19360082}
    - {x: -0.022258408, y: -0.98082787, z: 0.19360082}
    - {x: -0.022258408, y: -0.98082787, z: 0.19360082}
    - {x: -0.15528972, y: -0.9846561, z: 0.079609334}
    - {x: -0.15528972, y: -0.9846561, z: 0.079609334}
    - {x: -0.15528972, y: -0.9846561, z: 0.079609334}
    - {x: 0.2122988, y: -0.9760123, z: 0.048261788}
    - {x: 0.2122988, y: -0.9760123, z: 0.048261788}
    - {x: 0.2122988, y: -0.9760123, z: 0.048261788}
    - {x: 0.09967907, y: -0.9761119, z: -0.19305341}
    - {x: 0.09967907, y: -0.9761119, z: -0.19305341}
    - {x: 0.09967907, y: -0.9761119, z: -0.19305341}
    - {x: -0.12509015, y: -0.9841472, z: -0.1257248}
    - {x: -0.12509015, y: -0.9841472, z: -0.1257248}
    - {x: -0.12509015, y: -0.9841472, z: -0.1257248}
    - {x: -0.8389485, y: -0.3334483, z: 0.4300904}
    - {x: -0.8389485, y: -0.3334483, z: 0.4300904}
    - {x: -0.8389485, y: -0.3334483, z: 0.4300904}
    - {x: -0.09167874, y: -0.5963897, z: 0.79744226}
    - {x: -0.09167874, y: -0.5963897, z: 0.79744226}
    - {x: -0.09167874, y: -0.5963897, z: 0.79744226}
    - {x: 0.70699465, y: -0.6887144, z: 0.16072108}
    - {x: 0.70699465, y: -0.6887144, z: 0.16072108}
    - {x: 0.70699465, y: -0.6887144, z: 0.16072108}
    - {x: 0.32910612, y: -0.6967159, z: -0.63739794}
    - {x: 0.32910612, y: -0.6967159, z: -0.63739794}
    - {x: 0.32910612, y: -0.6967159, z: -0.63739794}
    - {x: -0.65526783, y: -0.36995712, z: -0.6586014}
    - {x: -0.65526783, y: -0.36995712, z: -0.6586014}
    - {x: -0.65526783, y: -0.36995712, z: -0.6586014}
    - {x: -0.5275881, y: 0.5031673, z: 0.68445134}
    - {x: -0.5275881, y: 0.5031673, z: 0.68445134}
    - {x: -0.5275881, y: 0.5031673, z: 0.68445134}
    - {x: 0.4279621, y: 0.6865769, z: 0.587759}
    - {x: 0.4279621, y: 0.6865769, z: 0.587759}
    - {x: 0.4279621, y: 0.6865769, z: 0.587759}
    - {x: 0.86680603, y: 0.40948257, z: -0.28455466}
    - {x: 0.86680603, y: 0.40948257, z: -0.28455466}
    - {x: 0.86680603, y: 0.40948257, z: -0.28455466}
    - {x: -0.0031421564, y: 0.53234464, z: -0.8465219}
    - {x: -0.0031421564, y: 0.53234464, z: -0.8465219}
    - {x: -0.0031421564, y: 0.53234464, z: -0.8465219}
    - {x: -0.6616837, y: 0.71645725, z: -0.22105129}
    - {x: -0.6616837, y: 0.71645725, z: -0.22105129}
    - {x: -0.6616837, y: 0.71645725, z: -0.22105129}
    - {x: -0.12533927, y: 0.97869784, z: 0.16260603}
    - {x: -0.12533927, y: 0.97869784, z: 0.16260603}
    - {x: -0.12533927, y: 0.97869784, z: 0.16260603}
    - {x: 0.11125473, y: 0.9819756, z: 0.15279485}
    - {x: 0.11125473, y: 0.9819756, z: 0.15279485}
    - {x: 0.11125473, y: 0.9819756, z: 0.15279485}
    - {x: 0.17073028, y: 0.9837225, z: -0.056046993}
    - {x: 0.17073028, y: 0.9837225, z: -0.056046993}
    - {x: 0.17073028, y: 0.9837225, z: -0.056046993}
    - {x: -0.00072773016, y: 0.9805895, z: -0.19607027}
    - {x: -0.00072773016, y: 0.9805895, z: -0.19607027}
    - {x: -0.00072773016, y: 0.9805895, z: -0.19607027}
    - {x: -0.20136683, y: 0.97720313, z: -0.06727197}
    - {x: -0.20136683, y: 0.97720313, z: -0.06727197}
    - {x: -0.20136683, y: 0.97720313, z: -0.06727197}
    - {x: 0.19138283, y: -0.9815035, z: -0.004848252}
    - {x: 0.19138283, y: -0.9815035, z: -0.004848252}
    - {x: 0.19138283, y: -0.9815035, z: -0.004848252}
    - {x: 0.068843134, y: -0.979111, z: 0.19131696}
    - {x: 0.068843134, y: -0.979111, z: 0.19131696}
    - {x: 0.068843134, y: -0.979111, z: 0.19131696}
    - {x: 0.07395032, y: -0.9837286, z: -0.16373612}
    - {x: 0.07395032, y: -0.9837286, z: -0.16373612}
    - {x: 0.07395032, y: -0.9837286, z: -0.16373612}
    - {x: -0.15960589, y: -0.9745029, z: -0.15770216}
    - {x: -0.15960589, y: -0.9745029, z: -0.15770216}
    - {x: -0.15960589, y: -0.9745029, z: -0.15770216}
    - {x: -0.21349502, y: -0.9715645, z: 0.10238366}
    - {x: -0.21349502, y: -0.9715645, z: 0.10238366}
    - {x: -0.21349502, y: -0.9715645, z: 0.10238366}
    - {x: 0.24925843, y: -0.67678624, z: 0.6926982}
    - {x: 0.24925843, y: -0.67678624, z: 0.6926982}
    - {x: 0.24925843, y: -0.67678624, z: 0.6926982}
    - {x: 0.95985, y: -0.27945805, z: -0.02431312}
    - {x: 0.95985, y: -0.27945805, z: -0.02431312}
    - {x: 0.95985, y: -0.27945805, z: -0.02431312}
    - {x: 0.36933285, y: -0.44142252, z: -0.8177648}
    - {x: 0.36933285, y: -0.44142252, z: -0.8177648}
    - {x: 0.36933285, y: -0.44142252, z: -0.8177648}
    - {x: -0.5832098, y: -0.57253975, z: -0.5762503}
    - {x: -0.5832098, y: -0.57253975, z: -0.5762503}
    - {x: -0.5832098, y: -0.57253975, z: -0.5762503}
    - {x: -0.6807088, y: -0.6557986, z: 0.32644096}
    - {x: -0.6807088, y: -0.6557986, z: 0.32644096}
    - {x: -0.6807088, y: -0.6557986, z: 0.32644096}
    - {x: 0.6581241, y: 0.6782259, z: 0.32692876}
    - {x: 0.6581241, y: 0.6782259, z: 0.32692876}
    - {x: 0.6581241, y: 0.6782259, z: 0.32692876}
    - {x: 0.7047907, y: 0.5533914, z: -0.44387856}
    - {x: 0.7047907, y: 0.5533914, z: -0.44387856}
    - {x: 0.7047907, y: 0.5533914, z: -0.44387856}
    - {x: -0.20080201, y: 0.4835374, z: -0.8519802}
    - {x: -0.20080201, y: 0.4835374, z: -0.8519802}
    - {x: -0.20080201, y: 0.4835374, z: -0.8519802}
    - {x: -0.8193296, y: 0.5542363, z: -0.14670119}
    - {x: -0.8193296, y: 0.5542363, z: -0.14670119}
    - {x: -0.8193296, y: 0.5542363, z: -0.14670119}
    - {x: -0.2915945, y: 0.6646808, z: 0.68787503}
    - {x: -0.2915945, y: 0.6646808, z: 0.68787503}
    - {x: -0.2915945, y: 0.6646808, z: 0.68787503}
    - {x: 0.17283924, y: 0.98120064, z: 0.085859425}
    - {x: 0.17283924, y: 0.98120064, z: 0.085859425}
    - {x: 0.17283924, y: 0.98120064, z: 0.085859425}
    - {x: 0.14403552, y: 0.9854058, z: -0.09071441}
    - {x: 0.14403552, y: 0.9854058, z: -0.09071441}
    - {x: 0.14403552, y: 0.9854058, z: -0.09071441}
    - {x: -0.044416115, y: 0.98107785, z: -0.18845002}
    - {x: -0.044416115, y: 0.98107785, z: -0.18845002}
    - {x: -0.044416115, y: 0.98107785, z: -0.18845002}
    - {x: -0.26915014, y: 0.9618918, z: -0.04819214}
    - {x: -0.26915014, y: 0.9618918, z: -0.04819214}
    - {x: -0.26915014, y: 0.9618918, z: -0.04819214}
    - {x: -0.09127106, y: 0.97227097, z: 0.21531089}
    - {x: -0.09127106, y: 0.97227097, z: 0.21531089}
    - {x: -0.09127106, y: 0.97227097, z: 0.21531089}
    - {x: 0.049681913, y: -0.97772413, z: 0.2039296}
    - {x: 0.049681913, y: -0.97772413, z: 0.2039296}
    - {x: 0.049681913, y: -0.97772413, z: 0.2039296}
    - {x: -0.26302773, y: -0.9609784, z: 0.08565667}
    - {x: -0.26302773, y: -0.9609784, z: 0.08565667}
    - {x: -0.26302773, y: -0.9609784, z: 0.08565667}
    - {x: 0.20831835, y: -0.9780287, z: -0.007950023}
    - {x: 0.20831835, y: -0.9780287, z: -0.007950023}
    - {x: 0.20831835, y: -0.9780287, z: -0.007950023}
    - {x: 0.09607128, y: -0.9839901, z: -0.15011258}
    - {x: 0.09607128, y: -0.9839901, z: -0.15011258}
    - {x: 0.09607128, y: -0.9839901, z: -0.15011258}
    - {x: -0.15125598, y: -0.9753635, z: -0.16058579}
    - {x: -0.15125598, y: -0.9753635, z: -0.16058579}
    - {x: -0.15125598, y: -0.9753635, z: -0.16058579}
    - {x: -0.76196533, y: -0.5981928, z: 0.24814147}
    - {x: -0.76196533, y: -0.5981928, z: 0.24814147}
    - {x: -0.76196533, y: -0.5981928, z: 0.24814147}
    - {x: 0.16714671, y: -0.70802635, z: 0.6861199}
    - {x: 0.16714671, y: -0.70802635, z: 0.6861199}
    - {x: 0.16714671, y: -0.70802635, z: 0.6861199}
    - {x: 0.87818635, y: -0.4771431, z: -0.033513684}
    - {x: 0.87818635, y: -0.4771431, z: -0.033513684}
    - {x: 0.87818635, y: -0.4771431, z: -0.033513684}
    - {x: 0.48164633, y: -0.44900623, z: -0.7526023}
    - {x: 0.48164633, y: -0.44900623, z: -0.7526023}
    - {x: 0.48164633, y: -0.44900623, z: -0.7526023}
    - {x: -0.60394454, y: -0.47341236, z: -0.64119554}
    - {x: -0.60394454, y: -0.47341236, z: -0.64119554}
    - {x: -0.60394454, y: -0.47341236, z: -0.64119554}
    - {x: -0.4231414, y: 0.66733235, z: 0.6128775}
    - {x: -0.4231414, y: 0.66733235, z: 0.6128775}
    - {x: -0.4231414, y: 0.66733235, z: 0.6128775}
    - {x: 0.6529188, y: 0.6378116, z: 0.40852597}
    - {x: 0.6529188, y: 0.6378116, z: 0.40852597}
    - {x: 0.6529188, y: 0.6378116, z: 0.40852597}
    - {x: 0.8363662, y: 0.36773372, z: -0.40652618}
    - {x: 0.8363662, y: 0.36773372, z: -0.40652618}
    - {x: 0.8363662, y: 0.36773372, z: -0.40652618}
    - {x: -0.095114656, y: 0.4997941, z: -0.86090595}
    - {x: -0.095114656, y: 0.4997941, z: -0.86090595}
    - {x: -0.095114656, y: 0.4997941, z: -0.86090595}
    - {x: -0.7970133, y: 0.55680025, z: -0.23397288}
    - {x: -0.7970133, y: 0.55680025, z: -0.23397288}
    - {x: -0.7970133, y: 0.55680025, z: -0.23397288}
    - {x: -0.13829593, y: 0.96992266, z: 0.20031044}
    - {x: -0.13829593, y: 0.96992266, z: 0.20031044}
    - {x: -0.13829593, y: 0.96992266, z: 0.20031044}
    - {x: 0.18118079, y: 0.97689444, z: 0.1133613}
    - {x: 0.18118079, y: 0.97689444, z: 0.1133613}
    - {x: 0.18118079, y: 0.97689444, z: 0.1133613}
    - {x: 0.17645633, y: 0.98056453, z: -0.085768856}
    - {x: 0.17645633, y: 0.98056453, z: -0.085768856}
    - {x: 0.17645633, y: 0.98056453, z: -0.085768856}
    - {x: -0.01990837, y: 0.9834267, z: -0.18020974}
    - {x: -0.01990837, y: 0.9834267, z: -0.18020974}
    - {x: -0.01990837, y: 0.9834267, z: -0.18020974}
    - {x: -0.24925758, y: 0.96566874, z: -0.07317399}
    - {x: -0.24925758, y: 0.96566874, z: -0.07317399}
    - {x: -0.24925758, y: 0.96566874, z: -0.07317399}
    colors: []
    tangents:
    - {x: -0.000000008177701, y: -0.0000006140433, z: 1, w: -1}
    - {x: -0.000000008177701, y: -0.0000006140433, z: 1, w: -1}
    - {x: -0.000000008177701, y: -0.0000006140433, z: 1, w: -1}
    - {x: -0.000000008177701, y: -0.0000006140433, z: 1, w: -1}
    - {x: 0.0001081638, y: 0.007830363, z: 0.99996936, w: 1}
    - {x: 0.0001081638, y: 0.007830363, z: 0.99996936, w: 1}
    - {x: 0.0001081638, y: 0.007830363, z: 0.99996936, w: 1}
    - {x: 0.0001081638, y: 0.007830363, z: 0.99996936, w: 1}
    - {x: 0.021768732, y: 0.9997622, z: -0.0012784514, w: -1}
    - {x: 0.021768732, y: 0.9997622, z: -0.0012784514, w: -1}
    - {x: 0.021768732, y: 0.9997622, z: -0.0012784514, w: -1}
    - {x: 0.021768732, y: 0.9997622, z: -0.0012784514, w: -1}
    - {x: -0.05564054, y: 0.9984425, z: 0.0040899813, w: 1}
    - {x: -0.05564054, y: 0.9984425, z: 0.0040899813, w: 1}
    - {x: -0.05564054, y: 0.9984425, z: 0.0040899813, w: 1}
    - {x: -0.05564054, y: 0.9984425, z: 0.0040899813, w: 1}
    - {x: 0.0008081167, y: 0.9999055, z: 0.013723032, w: 1}
    - {x: 0.0008081167, y: 0.9999055, z: 0.013723032, w: 1}
    - {x: 0.0008081167, y: 0.9999055, z: 0.013723032, w: 1}
    - {x: 0.0008081167, y: 0.9999055, z: 0.013723032, w: 1}
    - {x: -0.0048090797, y: 0.9981079, z: -0.061298285, w: -1}
    - {x: -0.0048090797, y: 0.9981079, z: -0.061298285, w: -1}
    - {x: -0.0048090797, y: 0.9981079, z: -0.061298285, w: -1}
    - {x: -0.0048090797, y: 0.9981079, z: -0.061298285, w: -1}
    - {x: 0.997042, y: 0.07571502, z: -0.013208847, w: 1}
    - {x: 0.997042, y: 0.07571502, z: -0.013208847, w: 1}
    - {x: 0.997042, y: 0.07571502, z: -0.013208847, w: 1}
    - {x: 0.024925618, y: 0.09605765, z: 0.9950636, w: -1}
    - {x: 0.024925618, y: 0.09605765, z: 0.9950636, w: -1}
    - {x: 0.024925618, y: 0.09605765, z: 0.9950636, w: -1}
    - {x: -0.010634897, y: 0.05425059, z: 0.9984707, w: -1}
    - {x: -0.010634897, y: 0.05425059, z: 0.9984707, w: -1}
    - {x: -0.010634897, y: 0.05425059, z: 0.9984707, w: -1}
    - {x: 0.9927935, y: 0.11863693, z: 0.016923705, w: 1}
    - {x: 0.9927935, y: 0.11863693, z: 0.016923705, w: 1}
    - {x: 0.9927935, y: 0.11863693, z: 0.016923705, w: 1}
    - {x: 0.99723935, y: -0.07314958, z: -0.012759335, w: 1}
    - {x: 0.99723935, y: -0.07314958, z: -0.012759335, w: 1}
    - {x: 0.99723935, y: -0.07314958, z: -0.012759335, w: 1}
    - {x: 0.1118865, y: 0.1758758, z: 0.97803324, w: -1}
    - {x: 0.1118865, y: 0.1758758, z: 0.97803324, w: -1}
    - {x: 0.1118865, y: 0.1758758, z: 0.97803324, w: -1}
    - {x: 0.04621629, y: 0.9936034, z: 0.10303628, w: -1}
    - {x: 0.04621629, y: 0.9936034, z: 0.10303628, w: -1}
    - {x: 0.04621629, y: 0.9936034, z: 0.10303628, w: -1}
    - {x: -0.21530823, y: 0.11713826, z: 0.96949524, w: -1}
    - {x: -0.21530823, y: 0.11713826, z: 0.96949524, w: -1}
    - {x: -0.21530823, y: 0.11713826, z: 0.96949524, w: -1}
    - {x: 0.28318253, y: 0.9000235, z: -0.33130848, w: 1}
    - {x: 0.28318253, y: 0.9000235, z: -0.33130848, w: 1}
    - {x: 0.28318253, y: 0.9000235, z: -0.33130848, w: 1}
    - {x: 0.93997073, y: -0.18630543, z: -0.28591132, w: -1}
    - {x: 0.93997073, y: -0.18630543, z: -0.28591132, w: -1}
    - {x: 0.93997073, y: -0.18630543, z: -0.28591132, w: -1}
    - {x: 0.2825411, y: 0.9188006, z: -0.27563757, w: -1}
    - {x: 0.2825411, y: 0.9188006, z: -0.27563757, w: -1}
    - {x: 0.2825411, y: 0.9188006, z: -0.27563757, w: -1}
    - {x: -0.28627396, y: 0.8764921, z: -0.3870514, w: -1}
    - {x: -0.28627396, y: 0.8764921, z: -0.3870514, w: -1}
    - {x: -0.28627396, y: 0.8764921, z: -0.3870514, w: -1}
    - {x: 0.09016348, y: 0.035062455, z: 0.9953096, w: -1}
    - {x: 0.09016348, y: 0.035062455, z: 0.9953096, w: -1}
    - {x: 0.09016348, y: 0.035062455, z: 0.9953096, w: -1}
    - {x: 0.99582624, y: -0.067546494, z: 0.061380975, w: -1}
    - {x: 0.99582624, y: -0.067546494, z: 0.061380975, w: -1}
    - {x: 0.99582624, y: -0.067546494, z: 0.061380975, w: -1}
    - {x: 0.27421224, y: 0.9542677, z: 0.119083, w: -1}
    - {x: 0.27421224, y: 0.9542677, z: 0.119083, w: -1}
    - {x: 0.27421224, y: 0.9542677, z: 0.119083, w: -1}
    - {x: 0.022031005, y: -0.14414437, z: 0.9893114, w: 1}
    - {x: 0.022031005, y: -0.14414437, z: 0.9893114, w: 1}
    - {x: 0.022031005, y: -0.14414437, z: 0.9893114, w: 1}
    - {x: 0.99215716, y: -0.123169586, z: -0.021291206, w: -1}
    - {x: 0.99215716, y: -0.123169586, z: -0.021291206, w: -1}
    - {x: 0.99215716, y: -0.123169586, z: -0.021291206, w: -1}
    - {x: 0.0035708495, y: 0.018962447, z: 0.9998138, w: 1}
    - {x: 0.0035708495, y: 0.018962447, z: 0.9998138, w: 1}
    - {x: 0.0035708495, y: 0.018962447, z: 0.9998138, w: 1}
    - {x: 0.9995664, y: -0.028751109, z: 0.0063657137, w: -1}
    - {x: 0.9995664, y: -0.028751109, z: 0.0063657137, w: -1}
    - {x: 0.9995664, y: -0.028751109, z: 0.0063657137, w: -1}
    - {x: -0.011061217, y: 0.068335354, z: 0.9976011, w: 1}
    - {x: -0.011061217, y: 0.068335354, z: 0.9976011, w: 1}
    - {x: -0.011061217, y: 0.068335354, z: 0.9976011, w: 1}
    - {x: -0.009123666, y: 0.04441358, z: 0.9989715, w: -1}
    - {x: -0.009123666, y: 0.04441358, z: 0.9989715, w: -1}
    - {x: -0.009123666, y: 0.04441358, z: 0.9989715, w: -1}
    - {x: 0.9991919, y: 0.039482374, z: -0.0075313346, w: 1}
    - {x: 0.9991919, y: 0.039482374, z: -0.0075313346, w: 1}
    - {x: 0.9991919, y: 0.039482374, z: -0.0075313346, w: 1}
    - {x: 0.9958212, y: 0.0897955, z: 0.016641008, w: 1}
    - {x: 0.9958212, y: 0.0897955, z: 0.016641008, w: 1}
    - {x: 0.9958212, y: 0.0897955, z: 0.016641008, w: 1}
    - {x: 0.99333996, y: -0.11424695, z: -0.014946948, w: 1}
    - {x: 0.99333996, y: -0.11424695, z: -0.014946948, w: 1}
    - {x: 0.99333996, y: -0.11424695, z: -0.014946948, w: 1}
    - {x: 0.015609643, y: 0.07484117, z: 0.9970733, w: -1}
    - {x: 0.015609643, y: 0.07484117, z: 0.9970733, w: -1}
    - {x: 0.015609643, y: 0.07484117, z: 0.9970733, w: -1}
    - {x: 0.9823118, y: 0.08613663, z: -0.16626509, w: 1}
    - {x: 0.9823118, y: 0.08613663, z: -0.16626509, w: 1}
    - {x: 0.9823118, y: 0.08613663, z: -0.16626509, w: 1}
    - {x: -0.033193726, y: 0.9994209, z: -0.007487134, w: 1}
    - {x: -0.033193726, y: 0.9994209, z: -0.007487134, w: 1}
    - {x: -0.033193726, y: 0.9994209, z: -0.007487134, w: 1}
    - {x: 0.9372369, y: 0.23482837, z: 0.25776464, w: -1}
    - {x: 0.9372369, y: 0.23482837, z: 0.25776464, w: -1}
    - {x: 0.9372369, y: 0.23482837, z: 0.25776464, w: -1}
    - {x: -0.25500712, y: 0.9239237, z: -0.28519544, w: 1}
    - {x: -0.25500712, y: 0.9239237, z: -0.28519544, w: 1}
    - {x: -0.25500712, y: 0.9239237, z: -0.28519544, w: 1}
    - {x: 0.11431127, y: 0.17014588, z: 0.9787662, w: -1}
    - {x: 0.11431127, y: 0.17014588, z: 0.9787662, w: -1}
    - {x: 0.11431127, y: 0.17014588, z: 0.9787662, w: -1}
    - {x: -0.16489778, y: -0.30104098, z: 0.93924594, w: 1}
    - {x: -0.16489778, y: -0.30104098, z: 0.93924594, w: 1}
    - {x: -0.16489778, y: -0.30104098, z: 0.93924594, w: 1}
    - {x: 0.23556852, y: 0.14203161, z: 0.9614232, w: -1}
    - {x: 0.23556852, y: 0.14203161, z: 0.9614232, w: -1}
    - {x: 0.23556852, y: 0.14203161, z: 0.9614232, w: -1}
    - {x: 0.9999316, y: 0.0072483704, z: -0.009186965, w: -1}
    - {x: 0.9999316, y: 0.0072483704, z: -0.009186965, w: -1}
    - {x: 0.9999316, y: 0.0072483704, z: -0.009186965, w: -1}
    - {x: -0.15757382, y: 0.10692745, z: 0.9817011, w: 1}
    - {x: -0.15757382, y: 0.10692745, z: 0.9817011, w: 1}
    - {x: -0.15757382, y: 0.10692745, z: 0.9817011, w: 1}
    - {x: 0.1849415, y: 0.9179824, z: -0.3508632, w: -1}
    - {x: 0.1849415, y: 0.9179824, z: -0.3508632, w: -1}
    - {x: 0.1849415, y: 0.9179824, z: -0.3508632, w: -1}
    - {x: -0.037593897, y: -0.16364118, z: 0.98580337, w: 1}
    - {x: -0.037593897, y: -0.16364118, z: 0.98580337, w: 1}
    - {x: -0.037593897, y: -0.16364118, z: 0.98580337, w: 1}
    - {x: 0.01091381, y: 0.05933341, z: 0.99817854, w: 1}
    - {x: 0.01091381, y: 0.05933341, z: 0.99817854, w: 1}
    - {x: 0.01091381, y: 0.05933341, z: 0.99817854, w: 1}
    - {x: 0.99999565, y: 0.002900045, z: -0.0005872663, w: -1}
    - {x: 0.99999565, y: 0.002900045, z: -0.0005872663, w: -1}
    - {x: 0.99999565, y: 0.002900045, z: -0.0005872663, w: -1}
    - {x: -0.008483611, y: 0.043758452, z: 0.9990061, w: 1}
    - {x: -0.008483611, y: 0.043758452, z: 0.9990061, w: 1}
    - {x: -0.008483611, y: 0.043758452, z: 0.9990061, w: 1}
    - {x: 0.9966751, y: 0.08049322, z: 0.012636974, w: -1}
    - {x: 0.9966751, y: 0.08049322, z: 0.012636974, w: -1}
    - {x: 0.9966751, y: 0.08049322, z: 0.012636974, w: -1}
    - {x: 0.99997807, y: 0.006533244, z: -0.001118617, w: 1}
    - {x: 0.99997807, y: 0.006533244, z: -0.001118617, w: 1}
    - {x: 0.99997807, y: 0.006533244, z: -0.001118617, w: 1}
    - {x: 0.010754649, y: 0.05703086, z: 0.9983145, w: -1}
    - {x: 0.010754649, y: 0.05703086, z: 0.9983145, w: -1}
    - {x: 0.010754649, y: 0.05703086, z: 0.9983145, w: -1}
    - {x: -0.018382737, y: 0.083181515, z: 0.99636483, w: -1}
    - {x: -0.018382737, y: 0.083181515, z: 0.99636483, w: -1}
    - {x: -0.018382737, y: 0.083181515, z: 0.99636483, w: -1}
    - {x: 0.99252, y: 0.120276615, z: 0.02091823, w: 1}
    - {x: 0.99252, y: 0.120276615, z: 0.02091823, w: 1}
    - {x: 0.99252, y: 0.120276615, z: 0.02091823, w: 1}
    - {x: 0.9949852, y: -0.09894897, z: -0.014609634, w: 1}
    - {x: 0.9949852, y: -0.09894897, z: -0.014609634, w: 1}
    - {x: 0.9949852, y: -0.09894897, z: -0.014609634, w: 1}
    - {x: 0.13068266, y: 0.15194432, z: 0.97971165, w: -1}
    - {x: 0.13068266, y: 0.15194432, z: 0.97971165, w: -1}
    - {x: 0.13068266, y: 0.15194432, z: 0.97971165, w: -1}
    - {x: 0.9992523, y: 0.0066281124, z: -0.038090814, w: 1}
    - {x: 0.9992523, y: 0.0066281124, z: -0.038090814, w: 1}
    - {x: 0.9992523, y: 0.0066281124, z: -0.038090814, w: 1}
    - {x: -0.18657053, y: 0.19087175, z: 0.96372163, w: -1}
    - {x: -0.18657053, y: 0.19087175, z: 0.96372163, w: -1}
    - {x: -0.18657053, y: 0.19087175, z: 0.96372163, w: -1}
    - {x: 0.8742648, y: 0.30767384, z: 0.37549672, w: -1}
    - {x: 0.8742648, y: 0.30767384, z: 0.37549672, w: -1}
    - {x: 0.8742648, y: 0.30767384, z: 0.37549672, w: -1}
    - {x: 0.8798174, y: -0.2944699, z: -0.37310687, w: -1}
    - {x: 0.8798174, y: -0.2944699, z: -0.37310687, w: -1}
    - {x: 0.8798174, y: -0.2944699, z: -0.37310687, w: -1}
    - {x: 0.8849884, y: 0.33716232, z: 0.32111844, w: -1}
    - {x: 0.8849884, y: 0.33716232, z: 0.32111844, w: -1}
    - {x: 0.8849884, y: 0.33716232, z: 0.32111844, w: -1}
    - {x: 0.9125313, y: -0.2907091, z: -0.28770602, w: -1}
    - {x: 0.9125313, y: -0.2907091, z: -0.28770602, w: -1}
    - {x: 0.9125313, y: -0.2907091, z: -0.28770602, w: -1}
    - {x: 0.1930625, y: 0.19625248, z: 0.9613593, w: 1}
    - {x: 0.1930625, y: 0.19625248, z: 0.9613593, w: 1}
    - {x: 0.1930625, y: 0.19625248, z: 0.9613593, w: 1}
    - {x: 0.9959203, y: 0.05072572, z: -0.07463038, w: -1}
    - {x: 0.9959203, y: 0.05072572, z: -0.07463038, w: -1}
    - {x: 0.9959203, y: 0.05072572, z: -0.07463038, w: -1}
    - {x: -0.22022362, y: 0.094611764, z: 0.9708502, w: 1}
    - {x: -0.22022362, y: 0.094611764, z: 0.9708502, w: 1}
    - {x: -0.22022362, y: 0.094611764, z: 0.9708502, w: 1}
    - {x: 0.9938782, y: 0.10930177, z: 0.016098758, w: -1}
    - {x: 0.9938782, y: 0.10930177, z: 0.016098758, w: -1}
    - {x: 0.9938782, y: 0.10930177, z: 0.016098758, w: -1}
    - {x: 0.99397117, y: -0.107985914, z: -0.018980563, w: -1}
    - {x: 0.99397117, y: -0.107985914, z: -0.018980563, w: -1}
    - {x: 0.99397117, y: -0.107985914, z: -0.018980563, w: -1}
    - {x: 0.01829372, y: 0.084305964, z: 0.996272, w: 1}
    - {x: 0.01829372, y: 0.084305964, z: 0.996272, w: 1}
    - {x: 0.01829372, y: 0.084305964, z: 0.996272, w: 1}
    - {x: 0.99978626, y: 0.020302368, z: -0.0039022383, w: -1}
    - {x: 0.99978626, y: 0.020302368, z: -0.0039022383, w: -1}
    - {x: 0.99978626, y: 0.020302368, z: -0.0039022383, w: -1}
    - {x: -0.0074421214, y: 0.044071995, z: 0.9990006, w: 1}
    - {x: -0.0074421214, y: 0.044071995, z: 0.9990006, w: 1}
    - {x: -0.0074421214, y: 0.044071995, z: 0.9990006, w: 1}
    - {x: 0.013458802, y: -0.037395902, z: 0.99920994, w: -1}
    - {x: 0.013458802, y: -0.037395902, z: 0.99920994, w: -1}
    - {x: 0.013458802, y: -0.037395902, z: 0.99920994, w: -1}
    - {x: 0.9999958, y: -0.0028480468, z: 0.000527765, w: 1}
    - {x: 0.9999958, y: -0.0028480468, z: 0.000527765, w: 1}
    - {x: 0.9999958, y: -0.0028480468, z: 0.000527765, w: 1}
    - {x: 0.9999927, y: -0.0037414061, z: -0.0007674096, w: 1}
    - {x: 0.9999927, y: -0.0037414061, z: -0.0007674096, w: 1}
    - {x: 0.9999927, y: -0.0037414061, z: -0.0007674096, w: 1}
    - {x: -0.0075307083, y: -0.052226294, z: 0.99860686, w: -1}
    - {x: -0.0075307083, y: -0.052226294, z: 0.99860686, w: -1}
    - {x: -0.0075307083, y: -0.052226294, z: 0.99860686, w: -1}
    - {x: 0.012918992, y: 0.10987212, z: 0.9938618, w: -1}
    - {x: 0.012918992, y: 0.10987212, z: 0.9938618, w: -1}
    - {x: 0.012918992, y: 0.10987212, z: 0.9938618, w: -1}
    - {x: 0.9999005, y: -0.006500935, z: 0.012517899, w: 1}
    - {x: 0.9999005, y: -0.006500935, z: 0.012517899, w: 1}
    - {x: 0.9999005, y: -0.006500935, z: 0.012517899, w: 1}
    - {x: 0.026708597, y: -0.04918189, z: 0.9984327, w: -1}
    - {x: 0.026708597, y: -0.04918189, z: 0.9984327, w: -1}
    - {x: 0.026708597, y: -0.04918189, z: 0.9984327, w: -1}
    - {x: 0.999894, y: -0.009357164, z: -0.011152889, w: -1}
    - {x: 0.999894, y: -0.009357164, z: -0.011152889, w: -1}
    - {x: 0.999894, y: -0.009357164, z: -0.011152889, w: -1}
    - {x: -0.09507805, y: 0.99484724, z: -0.035201386, w: -1}
    - {x: -0.09507805, y: 0.99484724, z: -0.035201386, w: -1}
    - {x: -0.09507805, y: 0.99484724, z: -0.035201386, w: -1}
    - {x: -0.109062605, y: 0.98858386, z: 0.103957586, w: -1}
    - {x: -0.109062605, y: 0.98858386, z: 0.103957586, w: -1}
    - {x: -0.109062605, y: 0.98858386, z: 0.103957586, w: -1}
    - {x: 0.90343916, y: -0.34703562, z: -0.25172183, w: -1}
    - {x: 0.90343916, y: -0.34703562, z: -0.25172183, w: -1}
    - {x: 0.90343916, y: -0.34703562, z: -0.25172183, w: -1}
    - {x: 0.30858135, y: 0.39509895, z: 0.86525977, w: 1}
    - {x: 0.30858135, y: 0.39509895, z: 0.86525977, w: 1}
    - {x: 0.30858135, y: 0.39509895, z: 0.86525977, w: 1}
    - {x: 0.19003482, y: 0.9182714, z: 0.34736776, w: 1}
    - {x: 0.19003482, y: 0.9182714, z: 0.34736776, w: 1}
    - {x: 0.19003482, y: 0.9182714, z: 0.34736776, w: 1}
    - {x: -0.013263135, y: 0.0122844875, z: 0.9998366, w: 1}
    - {x: -0.013263135, y: 0.0122844875, z: 0.9998366, w: 1}
    - {x: -0.013263135, y: 0.0122844875, z: 0.9998366, w: 1}
    - {x: 0.20644194, y: 0.907342, z: -0.3662132, w: -1}
    - {x: 0.20644194, y: 0.907342, z: -0.3662132, w: -1}
    - {x: 0.20644194, y: 0.907342, z: -0.3662132, w: -1}
    - {x: 0.99181664, y: -0.12604062, z: -0.0203344, w: -1}
    - {x: 0.99181664, y: -0.12604062, z: -0.0203344, w: -1}
    - {x: 0.99181664, y: -0.12604062, z: -0.0203344, w: -1}
    - {x: 0.03856199, y: 0.18481883, z: 0.9820158, w: 1}
    - {x: 0.03856199, y: 0.18481883, z: 0.9820158, w: 1}
    - {x: 0.03856199, y: 0.18481883, z: 0.9820158, w: 1}
    - {x: 0.9966863, y: 0.080431916, z: -0.012134678, w: -1}
    - {x: 0.9966863, y: 0.080431916, z: -0.012134678, w: -1}
    - {x: 0.9966863, y: 0.080431916, z: -0.012134678, w: -1}
    - {x: -0.0007336914, y: 0.0041884454, z: 0.999991, w: 1}
    - {x: -0.0007336914, y: 0.0041884454, z: 0.999991, w: 1}
    - {x: -0.0007336914, y: 0.0041884454, z: 0.999991, w: 1}
    - {x: 0.99627477, y: 0.08521261, z: 0.01324119, w: -1}
    - {x: 0.99627477, y: 0.08521261, z: 0.01324119, w: -1}
    - {x: 0.99627477, y: 0.08521261, z: 0.01324119, w: -1}
    - {x: 0.9997523, y: -0.021837078, z: 0.004310314, w: 1}
    - {x: 0.9997523, y: -0.021837078, z: 0.004310314, w: 1}
    - {x: 0.9997523, y: -0.021837078, z: 0.004310314, w: 1}
    - {x: 0.012401874, y: 0.078637406, z: 0.9968262, w: -1}
    - {x: 0.012401874, y: 0.078637406, z: 0.9968262, w: -1}
    - {x: 0.012401874, y: 0.078637406, z: 0.9968262, w: -1}
    - {x: -0.010257873, y: 0.04715905, z: 0.9988347, w: -1}
    - {x: -0.010257873, y: 0.04715905, z: 0.9988347, w: -1}
    - {x: -0.010257873, y: 0.04715905, z: 0.9988347, w: -1}
    - {x: 0.9950197, y: 0.09778493, z: 0.019339703, w: 1}
    - {x: 0.9950197, y: 0.09778493, z: 0.019339703, w: 1}
    - {x: 0.9950197, y: 0.09778493, z: 0.019339703, w: 1}
    - {x: 0.99214536, y: -0.12408173, z: -0.015851442, w: 1}
    - {x: 0.99214536, y: -0.12408173, z: -0.015851442, w: 1}
    - {x: 0.99214536, y: -0.12408173, z: -0.015851442, w: 1}
    - {x: -0.29672816, y: 0.9427684, z: 0.1521189, w: -1}
    - {x: -0.29672816, y: 0.9427684, z: 0.1521189, w: -1}
    - {x: -0.29672816, y: 0.9427684, z: 0.1521189, w: -1}
    - {x: 0.99578863, y: -0.054907493, z: 0.07341769, w: 1}
    - {x: 0.99578863, y: -0.054907493, z: 0.07341769, w: 1}
    - {x: 0.99578863, y: -0.054907493, z: 0.07341769, w: 1}
    - {x: -0.1151256, y: 0.11214887, z: 0.98699987, w: -1}
    - {x: -0.1151256, y: 0.11214887, z: 0.98699987, w: -1}
    - {x: -0.1151256, y: 0.11214887, z: 0.98699987, w: -1}
    - {x: 0.944293, y: 0.24282028, z: 0.2221467, w: 1}
    - {x: 0.944293, y: 0.24282028, z: 0.2221467, w: 1}
    - {x: 0.944293, y: 0.24282028, z: 0.2221467, w: 1}
    - {x: -0.26093462, y: 0.92904884, z: -0.26226208, w: 1}
    - {x: -0.26093462, y: 0.92904884, z: -0.26226208, w: 1}
    - {x: -0.26093462, y: 0.92904884, z: -0.26226208, w: 1}
    - {x: 0.30718404, y: 0.8641891, z: -0.39851642, w: -1}
    - {x: 0.30718404, y: 0.8641891, z: -0.39851642, w: -1}
    - {x: 0.30718404, y: 0.8641891, z: -0.39851642, w: -1}
    - {x: 0.90379673, y: -0.32510507, z: -0.27831322, w: -1}
    - {x: 0.90379673, y: -0.32510507, z: -0.27831322, w: -1}
    - {x: 0.90379673, y: -0.32510507, z: -0.27831322, w: -1}
    - {x: 0.2572901, y: 0.12154486, z: 0.9586598, w: -1}
    - {x: 0.2572901, y: 0.12154486, z: 0.9586598, w: -1}
    - {x: 0.2572901, y: 0.12154486, z: 0.9586598, w: -1}
    - {x: 0.99999505, y: 0.0016727184, z: -0.0026599176, w: -1}
    - {x: 0.99999505, y: 0.0016727184, z: -0.0026599176, w: -1}
    - {x: 0.99999505, y: 0.0016727184, z: -0.0026599176, w: -1}
    - {x: -0.1499761, y: 0.16239099, z: 0.97526217, w: 1}
    - {x: -0.1499761, y: 0.16239099, z: 0.97526217, w: 1}
    - {x: -0.1499761, y: 0.16239099, z: 0.97526217, w: 1}
    - {x: 0.99211395, y: 0.12364434, z: 0.020542923, w: -1}
    - {x: 0.99211395, y: 0.12364434, z: 0.020542923, w: -1}
    - {x: 0.99211395, y: 0.12364434, z: 0.020542923, w: -1}
    - {x: 0.99379194, y: -0.1099319, z: -0.017105341, w: -1}
    - {x: 0.99379194, y: -0.1099319, z: -0.017105341, w: -1}
    - {x: 0.99379194, y: -0.1099319, z: -0.017105341, w: -1}
    - {x: 0.009583984, y: 0.05522149, z: 0.99842817, w: 1}
    - {x: 0.009583984, y: 0.05522149, z: 0.99842817, w: 1}
    - {x: 0.009583984, y: 0.05522149, z: 0.99842817, w: 1}
    - {x: 0.99999976, y: 0.0007136048, z: -0.00014268629, w: -1}
    - {x: 0.99999976, y: 0.0007136048, z: -0.00014268629, w: -1}
    - {x: 0.99999976, y: 0.0007136048, z: -0.00014268629, w: -1}
    - {x: -0.0135771, y: 0.06588764, z: 0.99773467, w: 1}
    - {x: -0.0135771, y: 0.06588764, z: 0.99773467, w: 1}
    - {x: -0.0135771, y: 0.06588764, z: 0.99773467, w: 1}
    - {x: 0.0009278831, y: -0.0047586323, z: 0.99998826, w: -1}
    - {x: 0.0009278831, y: -0.0047586323, z: 0.99998826, w: -1}
    - {x: 0.0009278831, y: -0.0047586323, z: 0.99998826, w: -1}
    - {x: 0.99762756, y: 0.067565374, z: -0.013202182, w: 1}
    - {x: 0.99762756, y: 0.067565374, z: -0.013202182, w: 1}
    - {x: 0.99762756, y: 0.067565374, z: -0.013202182, w: 1}
    - {x: 0.9972619, y: 0.07294678, z: 0.0121415835, w: 1}
    - {x: 0.9972619, y: 0.07294678, z: 0.0121415835, w: 1}
    - {x: 0.9972619, y: 0.07294678, z: 0.0121415835, w: 1}
    - {x: -0.025489146, y: -0.15562864, z: 0.9874867, w: -1}
    - {x: -0.025489146, y: -0.15562864, z: 0.9874867, w: -1}
    - {x: -0.025489146, y: -0.15562864, z: 0.9874867, w: -1}
    - {x: 0.021973874, y: 0.09999781, z: 0.994745, w: -1}
    - {x: 0.021973874, y: 0.09999781, z: 0.994745, w: -1}
    - {x: 0.021973874, y: 0.09999781, z: 0.994745, w: -1}
    - {x: 0.96843696, y: 0.17419271, z: -0.17828815, w: 1}
    - {x: 0.96843696, y: 0.17419271, z: -0.17828815, w: 1}
    - {x: 0.96843696, y: 0.17419271, z: -0.17828815, w: 1}
    - {x: 0.023343848, y: -0.006796506, z: 0.9997044, w: -1}
    - {x: 0.023343848, y: -0.006796506, z: 0.9997044, w: -1}
    - {x: 0.023343848, y: -0.006796506, z: 0.9997044, w: -1}
    - {x: 0.9292972, y: 0.17543563, z: 0.32500628, w: -1}
    - {x: 0.9292972, y: 0.17543563, z: 0.32500628, w: -1}
    - {x: 0.9292972, y: 0.17543563, z: 0.32500628, w: -1}
    - {x: -0.40726942, y: 0.819877, z: -0.40240946, w: -1}
    - {x: -0.40726942, y: 0.819877, z: -0.40240946, w: -1}
    - {x: -0.40726942, y: 0.819877, z: -0.40240946, w: -1}
    - {x: 0.23509003, y: 0.22648703, z: 0.9452176, w: 1}
    - {x: 0.23509003, y: 0.22648703, z: 0.9452176, w: 1}
    - {x: 0.23509003, y: 0.22648703, z: 0.9452176, w: 1}
    - {x: -0.22767042, y: -0.23462439, z: 0.945049, w: 1}
    - {x: -0.22767042, y: -0.23462439, z: 0.945049, w: 1}
    - {x: -0.22767042, y: -0.23462439, z: 0.945049, w: 1}
    - {x: 0.34911957, y: 0.2741236, z: 0.896087, w: -1}
    - {x: 0.34911957, y: 0.2741236, z: 0.896087, w: -1}
    - {x: 0.34911957, y: 0.2741236, z: 0.896087, w: -1}
    - {x: 0.97963184, y: 0.09911405, z: -0.17463636, w: -1}
    - {x: 0.97963184, y: 0.09911405, z: -0.17463636, w: -1}
    - {x: 0.97963184, y: 0.09911405, z: -0.17463636, w: -1}
    - {x: -0.121511266, y: 0.08219641, z: 0.9891808, w: 1}
    - {x: -0.121511266, y: 0.08219641, z: 0.9891808, w: 1}
    - {x: -0.121511266, y: 0.08219641, z: 0.9891808, w: 1}
    - {x: 0.9565421, y: 0.20262283, z: 0.20969343, w: 1}
    - {x: 0.9565421, y: 0.20262283, z: 0.20969343, w: 1}
    - {x: 0.9565421, y: 0.20262283, z: 0.20969343, w: 1}
    - {x: -0.01489488, y: -0.08455757, z: 0.99630725, w: 1}
    - {x: -0.01489488, y: -0.08455757, z: 0.99630725, w: 1}
    - {x: -0.01489488, y: -0.08455757, z: 0.99630725, w: 1}
    - {x: 0.013120192, y: 0.089760594, z: 0.99587697, w: 1}
    - {x: 0.013120192, y: 0.089760594, z: 0.99587697, w: 1}
    - {x: 0.013120192, y: 0.089760594, z: 0.99587697, w: 1}
    - {x: 0.9990132, y: 0.043618716, z: -0.008378487, w: -1}
    - {x: 0.9990132, y: 0.043618716, z: -0.008378487, w: -1}
    - {x: 0.9990132, y: 0.043618716, z: -0.008378487, w: -1}
    - {x: -0.01298601, y: 0.046409547, z: 0.99883807, w: 1}
    - {x: -0.01298601, y: 0.046409547, z: 0.99883807, w: 1}
    - {x: -0.01298601, y: 0.046409547, z: 0.99883807, w: 1}
    - {x: 0.9958261, y: 0.08911215, z: 0.019734021, w: -1}
    - {x: 0.9958261, y: 0.08911215, z: 0.019734021, w: -1}
    - {x: 0.9958261, y: 0.08911215, z: 0.019734021, w: -1}
    - {x: 0.99876505, y: 0.048635263, z: -0.01014414, w: 1}
    - {x: 0.99876505, y: 0.048635263, z: -0.01014414, w: 1}
    - {x: 0.99876505, y: 0.048635263, z: -0.01014414, w: 1}
    - {x: 0.022613192, y: 0.08261786, z: 0.9963247, w: -1}
    - {x: 0.022613192, y: 0.08261786, z: 0.9963247, w: -1}
    - {x: 0.022613192, y: 0.08261786, z: 0.9963247, w: -1}
    - {x: 0.0016561879, y: -0.007775596, z: 0.9999684, w: -1}
    - {x: 0.0016561879, y: -0.007775596, z: 0.9999684, w: -1}
    - {x: 0.0016561879, y: -0.007775596, z: 0.9999684, w: -1}
    - {x: 0.99537444, y: 0.094972484, z: 0.014488527, w: 1}
    - {x: 0.99537444, y: 0.094972484, z: 0.014488527, w: 1}
    - {x: 0.99537444, y: 0.094972484, z: 0.014488527, w: 1}
    - {x: 0.9884946, y: -0.1492467, z: -0.024572274, w: 1}
    - {x: 0.9884946, y: -0.1492467, z: -0.024572274, w: 1}
    - {x: 0.9884946, y: -0.1492467, z: -0.024572274, w: 1}
    - {x: 0.19517967, y: 0.15322885, z: 0.96872383, w: 1}
    - {x: 0.19517967, y: 0.15322885, z: 0.96872383, w: 1}
    - {x: 0.19517967, y: 0.15322885, z: 0.96872383, w: 1}
    - {x: 0.98593205, y: 0.12003289, z: -0.11631906, w: 1}
    - {x: 0.98593205, y: 0.12003289, z: -0.11631906, w: 1}
    - {x: 0.98593205, y: 0.12003289, z: -0.11631906, w: 1}
    - {x: 0.029447801, y: -0.015999813, z: 0.9994383, w: -1}
    - {x: 0.029447801, y: -0.015999813, z: 0.9994383, w: -1}
    - {x: 0.029447801, y: -0.015999813, z: 0.9994383, w: -1}
    - {x: 0.24203166, y: 0.89352864, z: -0.37818947, w: 1}
    - {x: 0.24203166, y: 0.89352864, z: -0.37818947, w: 1}
    - {x: 0.24203166, y: 0.89352864, z: -0.37818947, w: 1}
    - {x: -0.324593, y: 0.8808409, z: -0.34461373, w: 1}
    - {x: -0.324593, y: 0.8808409, z: -0.34461373, w: 1}
    - {x: -0.324593, y: 0.8808409, z: -0.34461373, w: 1}
    - {x: 0.9060637, y: 0.31165132, z: 0.2862203, w: -1}
    - {x: 0.9060637, y: 0.31165132, z: 0.2862203, w: -1}
    - {x: 0.9060637, y: 0.31165132, z: 0.2862203, w: -1}
    - {x: -0.29223257, y: -0.28547087, z: 0.9127467, w: -1}
    - {x: -0.29223257, y: -0.28547087, z: 0.9127467, w: -1}
    - {x: -0.29223257, y: -0.28547087, z: 0.9127467, w: -1}
    - {x: -0.33073425, y: 0.92993116, z: 0.16075748, w: 1}
    - {x: -0.33073425, y: 0.92993116, z: 0.16075748, w: 1}
    - {x: -0.33073425, y: 0.92993116, z: 0.16075748, w: 1}
    - {x: 0.9954663, y: 0.047754247, z: -0.082257695, w: -1}
    - {x: 0.9954663, y: 0.047754247, z: -0.082257695, w: -1}
    - {x: 0.9954663, y: 0.047754247, z: -0.082257695, w: -1}
    - {x: -0.19180335, y: 0.13399546, z: 0.97224313, w: 1}
    - {x: -0.19180335, y: 0.13399546, z: 0.97224313, w: 1}
    - {x: -0.19180335, y: 0.13399546, z: 0.97224313, w: 1}
    - {x: 0.99039096, y: 0.13543779, z: 0.027970893, w: -1}
    - {x: 0.99039096, y: 0.13543779, z: 0.027970893, w: -1}
    - {x: 0.99039096, y: 0.13543779, z: 0.027970893, w: -1}
    - {x: -0.020672144, y: -0.111460514, z: 0.9935538, w: 1}
    - {x: -0.020672144, y: -0.111460514, z: 0.9935538, w: 1}
    - {x: -0.020672144, y: -0.111460514, z: 0.9935538, w: 1}
    - {x: 0.015190434, y: 0.084412955, z: 0.99631506, w: 1}
    - {x: 0.015190434, y: 0.084412955, z: 0.99631506, w: 1}
    - {x: 0.015190434, y: 0.084412955, z: 0.99631506, w: 1}
    - {x: 0.99980175, y: 0.019582305, z: -0.0035883933, w: -1}
    - {x: 0.99980175, y: 0.019582305, z: -0.0035883933, w: -1}
    - {x: 0.99980175, y: 0.019582305, z: -0.0035883933, w: -1}
    - {x: -0.018288199, y: 0.07085177, z: 0.99731916, w: 1}
    - {x: -0.018288199, y: 0.07085177, z: 0.99731916, w: 1}
    - {x: -0.018288199, y: 0.07085177, z: 0.99731916, w: 1}
    uv0:
    - {x: 0, y: 0, z: 0, w: 0}
    - {x: 0, y: 0, z: 0, w: 0}
    - {x: 0, y: 0, z: 0, w: 0}
    - {x: 0, y: 0, z: 0, w: 0}
    - {x: 0, y: 0, z: 0, w: 0}
    - {x: 0, y: 0, z: 0, w: 0}
    - {x: 0, y: 0, z: 0, w: 0}
    - {x: 0, y: 0, z: 0, w: 0}
    - {x: 0, y: 0, z: 0, w: 0}
    - {x: 0, y: 0, z: 0, w: 0}
    - {x: 0, y: 0, z: 0, w: 0}
    - {x: 0, y: 0, z: 0, w: 0}
    - {x: 0, y: 0, z: 0, w: 0}
    - {x: 0, y: 0, z: 0, w: 0}
    - {x: 0, y: 0, z: 0, w: 0}
    - {x: 0, y: 0, z: 0, w: 0}
    - {x: 0, y: 0, z: 0, w: 0}
    - {x: 0, y: 0, z: 0, w: 0}
    - {x: 0, y: 0, z: 0, w: 0}
    - {x: 0, y: 0, z: 0, w: 0}
    - {x: 0, y: 0, z: 0, w: 0}
    - {x: 0, y: 0, z: 0, w: 0}
    - {x: 0, y: 0, z: 0, w: 0}
    - {x: 0, y: 0, z: 0, w: 0}
    - {x: 0, y: 0, z: 0, w: 0}
    - {x: 0, y: 0, z: 0, w: 0}
    - {x: 0, y: 0, z: 0, w: 0}
    - {x: 0, y: 0, z: 0, w: 0}
    - {x: 0, y: 0, z: 0, w: 0}
    - {x: 0, y: 0, z: 0, w: 0}
    - {x: 0, y: 0, z: 0, w: 0}
    - {x: 0, y: 0, z: 0, w: 0}
    - {x: 0, y: 0, z: 0, w: 0}
    - {x: 0, y: 0, z: 0, w: 0}
    - {x: 0, y: 0, z: 0, w: 0}
    - {x: 0, y: 0, z: 0, w: 0}
    - {x: 0, y: 0, z: 0, w: 0}
    - {x: 0, y: 0, z: 0, w: 0}
    - {x: 0, y: 0, z: 0, w: 0}
    - {x: 0, y: 0, z: 0, w: 0}
    - {x: 0, y: 0, z: 0, w: 0}
    - {x: 0, y: 0, z: 0, w: 0}
    - {x: 0, y: 0, z: 0, w: 0}
    - {x: 0, y: 0, z: 0, w: 0}
    - {x: 0, y: 0, z: 0, w: 0}
    - {x: 0, y: 0, z: 0, w: 0}
    - {x: 0, y: 0, z: 0, w: 0}
    - {x: 0, y: 0, z: 0, w: 0}
    - {x: 0, y: 0, z: 0, w: 0}
    - {x: 0, y: 0, z: 0, w: 0}
    - {x: 0, y: 0, z: 0, w: 0}
    - {x: 0, y: 0, z: 0, w: 0}
    - {x: 0, y: 0, z: 0, w: 0}
    - {x: 0, y: 0, z: 0, w: 0}
    - {x: 0, y: 0, z: 0, w: 0}
    - {x: 0, y: 0, z: 0, w: 0}
    - {x: 0, y: 0, z: 0, w: 0}
    - {x: 0, y: 0, z: 0, w: 0}
    - {x: 0, y: 0, z: 0, w: 0}
    - {x: 0, y: 0, z: 0, w: 0}
    - {x: 0, y: 0, z: 0, w: 0}
    - {x: 0, y: 0, z: 0, w: 0}
    - {x: 0, y: 0, z: 0, w: 0}
    - {x: 0, y: 0, z: 0, w: 0}
    - {x: 0, y: 0, z: 0, w: 0}
    - {x: 0, y: 0, z: 0, w: 0}
    - {x: 0, y: 0, z: 0, w: 0}
    - {x: 0, y: 0, z: 0, w: 0}
    - {x: 0, y: 0, z: 0, w: 0}
    - {x: 0, y: 0, z: 0, w: 0}
    - {x: 0, y: 0, z: 0, w: 0}
    - {x: 0, y: 0, z: 0, w: 0}
    - {x: 0, y: 0, z: 0, w: 0}
    - {x: 0, y: 0, z: 0, w: 0}
    - {x: 0, y: 0, z: 0, w: 0}
    - {x: 0, y: 0, z: 0, w: 0}
    - {x: 0, y: 0, z: 0, w: 0}
    - {x: 0, y: 0, z: 0, w: 0}
    - {x: 0, y: 0, z: 0, w: 0}
    - {x: 0, y: 0, z: 0, w: 0}
    - {x: 0, y: 0, z: 0, w: 0}
    - {x: 0, y: 0, z: 0, w: 0}
    - {x: 0, y: 0, z: 0, w: 0}
    - {x: 0, y: 0, z: 0, w: 0}
    - {x: 0, y: 0, z: 0, w: 0}
    - {x: 0, y: 0, z: 0, w: 0}
    - {x: 0, y: 0, z: 0, w: 0}
    - {x: 0, y: 0, z: 0, w: 0}
    - {x: 0, y: 0, z: 0, w: 0}
    - {x: 0, y: 0, z: 0, w: 0}
    - {x: 0, y: 0, z: 0, w: 0}
    - {x: 0, y: 0, z: 0, w: 0}
    - {x: 0, y: 0, z: 0, w: 0}
    - {x: 0, y: 0, z: 0, w: 0}
    - {x: 0, y: 0, z: 0, w: 0}
    - {x: 0, y: 0, z: 0, w: 0}
    - {x: 0, y: 0, z: 0, w: 0}
    - {x: 0, y: 0, z: 0, w: 0}
    - {x: 0, y: 0, z: 0, w: 0}
    - {x: 0, y: 0, z: 0, w: 0}
    - {x: 0, y: 0, z: 0, w: 0}
    - {x: 0, y: 0, z: 0, w: 0}
    - {x: 0, y: 0, z: 0, w: 0}
    - {x: 0, y: 0, z: 0, w: 0}
    - {x: 0, y: 0, z: 0, w: 0}
    - {x: 0, y: 0, z: 0, w: 0}
    - {x: 0, y: 0, z: 0, w: 0}
    - {x: 0, y: 0, z: 0, w: 0}
    - {x: 0, y: 0, z: 0, w: 0}
    - {x: 0, y: 0, z: 0, w: 0}
    - {x: 0, y: 0, z: 0, w: 0}
    - {x: 0, y: 0, z: 0, w: 0}
    - {x: 0, y: 0, z: 0, w: 0}
    - {x: 0, y: 0, z: 0, w: 0}
    - {x: 0, y: 0, z: 0, w: 0}
    - {x: 0, y: 0, z: 0, w: 0}
    - {x: 0, y: 0, z: 0, w: 0}
    - {x: 0, y: 0, z: 0, w: 0}
    - {x: 0, y: 0, z: 0, w: 0}
    - {x: 0, y: 0, z: 0, w: 0}
    - {x: 0, y: 0, z: 0, w: 0}
    - {x: 0, y: 0, z: 0, w: 0}
    - {x: 0, y: 0, z: 0, w: 0}
    - {x: 0, y: 0, z: 0, w: 0}
    - {x: 0, y: 0, z: 0, w: 0}
    - {x: 0, y: 0, z: 0, w: 0}
    - {x: 0, y: 0, z: 0, w: 0}
    - {x: 0, y: 0, z: 0, w: 0}
    - {x: 0, y: 0, z: 0, w: 0}
    - {x: 0, y: 0, z: 0, w: 0}
    - {x: 0, y: 0, z: 0, w: 0}
    - {x: 0, y: 0, z: 0, w: 0}
    - {x: 0, y: 0, z: 0, w: 0}
    - {x: 0, y: 0, z: 0, w: 0}
    - {x: 0, y: 0, z: 0, w: 0}
    - {x: 0, y: 0, z: 0, w: 0}
    - {x: 0, y: 0, z: 0, w: 0}
    - {x: 0, y: 0, z: 0, w: 0}
    - {x: 0, y: 0, z: 0, w: 0}
    - {x: 0, y: 0, z: 0, w: 0}
    - {x: 0, y: 0, z: 0, w: 0}
    - {x: 0, y: 0, z: 0, w: 0}
    - {x: 0, y: 0, z: 0, w: 0}
    - {x: 0, y: 0, z: 0, w: 0}
    - {x: 0, y: 0, z: 0, w: 0}
    - {x: 0, y: 0, z: 0, w: 0}
    - {x: 0, y: 0, z: 0, w: 0}
    - {x: 0, y: 0, z: 0, w: 0}
    - {x: 0, y: 0, z: 0, w: 0}
    - {x: 0, y: 0, z: 0, w: 0}
    - {x: 0, y: 0, z: 0, w: 0}
    - {x: 0, y: 0, z: 0, w: 0}
    - {x: 0, y: 0, z: 0, w: 0}
    - {x: 0, y: 0, z: 0, w: 0}
    - {x: 0, y: 0, z: 0, w: 0}
    - {x: 0, y: 0, z: 0, w: 0}
    - {x: 0, y: 0, z: 0, w: 0}
    - {x: 0, y: 0, z: 0, w: 0}
    - {x: 0, y: 0, z: 0, w: 0}
    - {x: 0, y: 0, z: 0, w: 0}
    - {x: 0, y: 0, z: 0, w: 0}
    - {x: 0, y: 0, z: 0, w: 0}
    - {x: 0, y: 0, z: 0, w: 0}
    - {x: 0, y: 0, z: 0, w: 0}
    - {x: 0, y: 0, z: 0, w: 0}
    - {x: 0, y: 0, z: 0, w: 0}
    - {x: 0, y: 0, z: 0, w: 0}
    - {x: 0, y: 0, z: 0, w: 0}
    - {x: 0, y: 0, z: 0, w: 0}
    - {x: 0, y: 0, z: 0, w: 0}
    - {x: 0, y: 0, z: 0, w: 0}
    - {x: 0, y: 0, z: 0, w: 0}
    - {x: 0, y: 0, z: 0, w: 0}
    - {x: 0, y: 0, z: 0, w: 0}
    - {x: 0, y: 0, z: 0, w: 0}
    - {x: 0, y: 0, z: 0, w: 0}
    - {x: 0, y: 0, z: 0, w: 0}
    - {x: 0, y: 0, z: 0, w: 0}
    - {x: 0, y: 0, z: 0, w: 0}
    - {x: 0, y: 0, z: 0, w: 0}
    - {x: 0, y: 0, z: 0, w: 0}
    - {x: 0, y: 0, z: 0, w: 0}
    - {x: 0, y: 0, z: 0, w: 0}
    - {x: 0, y: 0, z: 0, w: 0}
    - {x: 0, y: 0, z: 0, w: 0}
    - {x: 0, y: 0, z: 0, w: 0}
    - {x: 0, y: 0, z: 0, w: 0}
    - {x: 0, y: 0, z: 0, w: 0}
    - {x: 0, y: 0, z: 0, w: 0}
    - {x: 0, y: 0, z: 0, w: 0}
    - {x: 0, y: 0, z: 0, w: 0}
    - {x: 0, y: 0, z: 0, w: 0}
    - {x: 0, y: 0, z: 0, w: 0}
    - {x: 0, y: 0, z: 0, w: 0}
    - {x: 0, y: 0, z: 0, w: 0}
    - {x: 0, y: 0, z: 0, w: 0}
    - {x: 0, y: 0, z: 0, w: 0}
    - {x: 0, y: 0, z: 0, w: 0}
    - {x: 0, y: 0, z: 0, w: 0}
    - {x: 0, y: 0, z: 0, w: 0}
    - {x: 0, y: 0, z: 0, w: 0}
    - {x: 0, y: 0, z: 0, w: 0}
    - {x: 0, y: 0, z: 0, w: 0}
    - {x: 0, y: 0, z: 0, w: 0}
    - {x: 0, y: 0, z: 0, w: 0}
    - {x: 0, y: 0, z: 0, w: 0}
    - {x: 0, y: 0, z: 0, w: 0}
    - {x: 0, y: 0, z: 0, w: 0}
    - {x: 0, y: 0, z: 0, w: 0}
    - {x: 0, y: 0, z: 0, w: 0}
    - {x: 0, y: 0, z: 0, w: 0}
    - {x: 0, y: 0, z: 0, w: 0}
    - {x: 0, y: 0, z: 0, w: 0}
    - {x: 0, y: 0, z: 0, w: 0}
    - {x: 0, y: 0, z: 0, w: 0}
    - {x: 0, y: 0, z: 0, w: 0}
    - {x: 0, y: 0, z: 0, w: 0}
    - {x: 0, y: 0, z: 0, w: 0}
    - {x: 0, y: 0, z: 0, w: 0}
    - {x: 0, y: 0, z: 0, w: 0}
    - {x: 0, y: 0, z: 0, w: 0}
    - {x: 0, y: 0, z: 0, w: 0}
    - {x: 0, y: 0, z: 0, w: 0}
    - {x: 0, y: 0, z: 0, w: 0}
    - {x: 0, y: 0, z: 0, w: 0}
    - {x: 0, y: 0, z: 0, w: 0}
    - {x: 0, y: 0, z: 0, w: 0}
    - {x: 0, y: 0, z: 0, w: 0}
    - {x: 0, y: 0, z: 0, w: 0}
    - {x: 0, y: 0, z: 0, w: 0}
    - {x: 0, y: 0, z: 0, w: 0}
    - {x: 0, y: 0, z: 0, w: 0}
    - {x: 0, y: 0, z: 0, w: 0}
    - {x: 0, y: 0, z: 0, w: 0}
    - {x: 0, y: 0, z: 0, w: 0}
    - {x: 0, y: 0, z: 0, w: 0}
    - {x: 0, y: 0, z: 0, w: 0}
    - {x: 0, y: 0, z: 0, w: 0}
    - {x: 0, y: 0, z: 0, w: 0}
    - {x: 0, y: 0, z: 0, w: 0}
    - {x: 0, y: 0, z: 0, w: 0}
    - {x: 0, y: 0, z: 0, w: 0}
    - {x: 0, y: 0, z: 0, w: 0}
    - {x: 0, y: 0, z: 0, w: 0}
    - {x: 0, y: 0, z: 0, w: 0}
    - {x: 0, y: 0, z: 0, w: 0}
    - {x: 0, y: 0, z: 0, w: 0}
    - {x: 0, y: 0, z: 0, w: 0}
    - {x: 0, y: 0, z: 0, w: 0}
    - {x: 0, y: 0, z: 0, w: 0}
    - {x: 0, y: 0, z: 0, w: 0}
    - {x: 0, y: 0, z: 0, w: 0}
    - {x: 0, y: 0, z: 0, w: 0}
    - {x: 0, y: 0, z: 0, w: 0}
    - {x: 0, y: 0, z: 0, w: 0}
    - {x: 0, y: 0, z: 0, w: 0}
    - {x: 0, y: 0, z: 0, w: 0}
    - {x: 0, y: 0, z: 0, w: 0}
    - {x: 0, y: 0, z: 0, w: 0}
    - {x: 0, y: 0, z: 0, w: 0}
    - {x: 0, y: 0, z: 0, w: 0}
    - {x: 0, y: 0, z: 0, w: 0}
    - {x: 0, y: 0, z: 0, w: 0}
    - {x: 0, y: 0, z: 0, w: 0}
    - {x: 0, y: 0, z: 0, w: 0}
    - {x: 0, y: 0, z: 0, w: 0}
    - {x: 0, y: 0, z: 0, w: 0}
    - {x: 0, y: 0, z: 0, w: 0}
    - {x: 0, y: 0, z: 0, w: 0}
    - {x: 0, y: 0, z: 0, w: 0}
    - {x: 0, y: 0, z: 0, w: 0}
    - {x: 0, y: 0, z: 0, w: 0}
    - {x: 0, y: 0, z: 0, w: 0}
    - {x: 0, y: 0, z: 0, w: 0}
    - {x: 0, y: 0, z: 0, w: 0}
    - {x: 0, y: 0, z: 0, w: 0}
    - {x: 0, y: 0, z: 0, w: 0}
    - {x: 0, y: 0, z: 0, w: 0}
    - {x: 0, y: 0, z: 0, w: 0}
    - {x: 0, y: 0, z: 0, w: 0}
    - {x: 0, y: 0, z: 0, w: 0}
    - {x: 0, y: 0, z: 0, w: 0}
    - {x: 0, y: 0, z: 0, w: 0}
    - {x: 0, y: 0, z: 0, w: 0}
    - {x: 0, y: 0, z: 0, w: 0}
    - {x: 0, y: 0, z: 0, w: 0}
    - {x: 0, y: 0, z: 0, w: 0}
    - {x: 0, y: 0, z: 0, w: 0}
    - {x: 0, y: 0, z: 0, w: 0}
    - {x: 0, y: 0, z: 0, w: 0}
    - {x: 0, y: 0, z: 0, w: 0}
    - {x: 0, y: 0, z: 0, w: 0}
    - {x: 0, y: 0, z: 0, w: 0}
    - {x: 0, y: 0, z: 0, w: 0}
    - {x: 0, y: 0, z: 0, w: 0}
    - {x: 0, y: 0, z: 0, w: 0}
    - {x: 0, y: 0, z: 0, w: 0}
    - {x: 0, y: 0, z: 0, w: 0}
    - {x: 0, y: 0, z: 0, w: 0}
    - {x: 0, y: 0, z: 0, w: 0}
    - {x: 0, y: 0, z: 0, w: 0}
    - {x: 0, y: 0, z: 0, w: 0}
    - {x: 0, y: 0, z: 0, w: 0}
    - {x: 0, y: 0, z: 0, w: 0}
    - {x: 0, y: 0, z: 0, w: 0}
    - {x: 0, y: 0, z: 0, w: 0}
    - {x: 0, y: 0, z: 0, w: 0}
    - {x: 0, y: 0, z: 0, w: 0}
    - {x: 0, y: 0, z: 0, w: 0}
    - {x: 0, y: 0, z: 0, w: 0}
    - {x: 0, y: 0, z: 0, w: 0}
    - {x: 0, y: 0, z: 0, w: 0}
    - {x: 0, y: 0, z: 0, w: 0}
    - {x: 0, y: 0, z: 0, w: 0}
    - {x: 0, y: 0, z: 0, w: 0}
    - {x: 0, y: 0, z: 0, w: 0}
    - {x: 0, y: 0, z: 0, w: 0}
    - {x: 0, y: 0, z: 0, w: 0}
    - {x: 0, y: 0, z: 0, w: 0}
    - {x: 0, y: 0, z: 0, w: 0}
    - {x: 0, y: 0, z: 0, w: 0}
    - {x: 0, y: 0, z: 0, w: 0}
    - {x: 0, y: 0, z: 0, w: 0}
    - {x: 0, y: 0, z: 0, w: 0}
    - {x: 0, y: 0, z: 0, w: 0}
    - {x: 0, y: 0, z: 0, w: 0}
    - {x: 0, y: 0, z: 0, w: 0}
    - {x: 0, y: 0, z: 0, w: 0}
    - {x: 0, y: 0, z: 0, w: 0}
    - {x: 0, y: 0, z: 0, w: 0}
    - {x: 0, y: 0, z: 0, w: 0}
    - {x: 0, y: 0, z: 0, w: 0}
    - {x: 0, y: 0, z: 0, w: 0}
    - {x: 0, y: 0, z: 0, w: 0}
    - {x: 0, y: 0, z: 0, w: 0}
    - {x: 0, y: 0, z: 0, w: 0}
    - {x: 0, y: 0, z: 0, w: 0}
    - {x: 0, y: 0, z: 0, w: 0}
    - {x: 0, y: 0, z: 0, w: 0}
    - {x: 0, y: 0, z: 0, w: 0}
    - {x: 0, y: 0, z: 0, w: 0}
    - {x: 0, y: 0, z: 0, w: 0}
    - {x: 0, y: 0, z: 0, w: 0}
    - {x: 0, y: 0, z: 0, w: 0}
    - {x: 0, y: 0, z: 0, w: 0}
    - {x: 0, y: 0, z: 0, w: 0}
    - {x: 0, y: 0, z: 0, w: 0}
    - {x: 0, y: 0, z: 0, w: 0}
    - {x: 0, y: 0, z: 0, w: 0}
    - {x: 0, y: 0, z: 0, w: 0}
    - {x: 0, y: 0, z: 0, w: 0}
    - {x: 0, y: 0, z: 0, w: 0}
    - {x: 0, y: 0, z: 0, w: 0}
    - {x: 0, y: 0, z: 0, w: 0}
    - {x: 0, y: 0, z: 0, w: 0}
    - {x: 0, y: 0, z: 0, w: 0}
    - {x: 0, y: 0, z: 0, w: 0}
    - {x: 0, y: 0, z: 0, w: 0}
    - {x: 0, y: 0, z: 0, w: 0}
    - {x: 0, y: 0, z: 0, w: 0}
    - {x: 0, y: 0, z: 0, w: 0}
    - {x: 0, y: 0, z: 0, w: 0}
    - {x: 0, y: 0, z: 0, w: 0}
    - {x: 0, y: 0, z: 0, w: 0}
    - {x: 0, y: 0, z: 0, w: 0}
    - {x: 0, y: 0, z: 0, w: 0}
    - {x: 0, y: 0, z: 0, w: 0}
    - {x: 0, y: 0, z: 0, w: 0}
    - {x: 0, y: 0, z: 0, w: 0}
    - {x: 0, y: 0, z: 0, w: 0}
    - {x: 0, y: 0, z: 0, w: 0}
    - {x: 0, y: 0, z: 0, w: 0}
    - {x: 0, y: 0, z: 0, w: 0}
    - {x: 0, y: 0, z: 0, w: 0}
    - {x: 0, y: 0, z: 0, w: 0}
    - {x: 0, y: 0, z: 0, w: 0}
    - {x: 0, y: 0, z: 0, w: 0}
    - {x: 0, y: 0, z: 0, w: 0}
    - {x: 0, y: 0, z: 0, w: 0}
    - {x: 0, y: 0, z: 0, w: 0}
    - {x: 0, y: 0, z: 0, w: 0}
    - {x: 0, y: 0, z: 0, w: 0}
    - {x: 0, y: 0, z: 0, w: 0}
    - {x: 0, y: 0, z: 0, w: 0}
    - {x: 0, y: 0, z: 0, w: 0}
    - {x: 0, y: 0, z: 0, w: 0}
    - {x: 0, y: 0, z: 0, w: 0}
    - {x: 0, y: 0, z: 0, w: 0}
    - {x: 0, y: 0, z: 0, w: 0}
    - {x: 0, y: 0, z: 0, w: 0}
    - {x: 0, y: 0, z: 0, w: 0}
    - {x: 0, y: 0, z: 0, w: 0}
    - {x: 0, y: 0, z: 0, w: 0}
    - {x: 0, y: 0, z: 0, w: 0}
    - {x: 0, y: 0, z: 0, w: 0}
    - {x: 0, y: 0, z: 0, w: 0}
    - {x: 0, y: 0, z: 0, w: 0}
    - {x: 0, y: 0, z: 0, w: 0}
    - {x: 0, y: 0, z: 0, w: 0}
    - {x: 0, y: 0, z: 0, w: 0}
    - {x: 0, y: 0, z: 0, w: 0}
    - {x: 0, y: 0, z: 0, w: 0}
    - {x: 0, y: 0, z: 0, w: 0}
    - {x: 0, y: 0, z: 0, w: 0}
    - {x: 0, y: 0, z: 0, w: 0}
    - {x: 0, y: 0, z: 0, w: 0}
    - {x: 0, y: 0, z: 0, w: 0}
    - {x: 0, y: 0, z: 0, w: 0}
    - {x: 0, y: 0, z: 0, w: 0}
    - {x: 0, y: 0, z: 0, w: 0}
    - {x: 0, y: 0, z: 0, w: 0}
    - {x: 0, y: 0, z: 0, w: 0}
    - {x: 0, y: 0, z: 0, w: 0}
    - {x: 0, y: 0, z: 0, w: 0}
    - {x: 0, y: 0, z: 0, w: 0}
    - {x: 0, y: 0, z: 0, w: 0}
    - {x: 0, y: 0, z: 0, w: 0}
    - {x: 0, y: 0, z: 0, w: 0}
    - {x: 0, y: 0, z: 0, w: 0}
    - {x: 0, y: 0, z: 0, w: 0}
    - {x: 0, y: 0, z: 0, w: 0}
    - {x: 0, y: 0, z: 0, w: 0}
    - {x: 0, y: 0, z: 0, w: 0}
    - {x: 0, y: 0, z: 0, w: 0}
    - {x: 0, y: 0, z: 0, w: 0}
    - {x: 0, y: 0, z: 0, w: 0}
    - {x: 0, y: 0, z: 0, w: 0}
    - {x: 0, y: 0, z: 0, w: 0}
    - {x: 0, y: 0, z: 0, w: 0}
    - {x: 0, y: 0, z: 0, w: 0}
    - {x: 0, y: 0, z: 0, w: 0}
    - {x: 0, y: 0, z: 0, w: 0}
    - {x: 0, y: 0, z: 0, w: 0}
    - {x: 0, y: 0, z: 0, w: 0}
    - {x: 0, y: 0, z: 0, w: 0}
    - {x: 0, y: 0, z: 0, w: 0}
    - {x: 0, y: 0, z: 0, w: 0}
    - {x: 0, y: 0, z: 0, w: 0}
    - {x: 0, y: 0, z: 0, w: 0}
    - {x: 0, y: 0, z: 0, w: 0}
    - {x: 0, y: 0, z: 0, w: 0}
    - {x: 0, y: 0, z: 0, w: 0}
    - {x: 0, y: 0, z: 0, w: 0}
    - {x: 0, y: 0, z: 0, w: 0}
    uv1: []
    uv2: []
    uv3: []
    m_Triangles: 00000000010000000200000000000000020000000300000004000000050000000600000004000000060000000700000008000000090000000a000000080000000a0000000b0000000c0000000d0000000e0000000c0000000e0000000f00000010000000110000001200000010000000120000001300000014000000150000001600000014000000160000001700000018000000190000001a0000001b0000001c0000001d0000001e0000001f000000200000002100000022000000230000002400000025000000260000002700000028000000290000002a0000002b0000002c0000002d0000002e0000002f000000300000003100000032000000330000003400000035000000360000003700000038000000390000003a0000003b0000003c0000003d0000003e0000003f000000400000004100000042000000430000004400000045000000460000004700000048000000490000004a0000004b0000004c0000004d0000004e0000004f000000500000005100000052000000530000005400000055000000560000005700000058000000590000005a0000005b0000005c0000005d0000005e0000005f000000600000006100000062000000630000006400000065000000660000006700000068000000690000006a0000006b0000006c0000006d0000006e0000006f000000700000007100000072000000730000007400000075000000760000007700000078000000790000007a0000007b0000007c0000007d0000007e0000007f000000800000008100000082000000830000008400000085000000860000008700000088000000890000008a0000008b0000008c0000008d0000008e0000008f000000900000009100000092000000930000009400000095000000960000009700000098000000990000009a0000009b0000009c0000009d0000009e0000009f000000a0000000a1000000a2000000a3000000a4000000a5000000a6000000a7000000a8000000a9000000aa000000ab000000ac000000ad000000ae000000af000000b0000000b1000000b2000000b3000000b4000000b5000000b6000000b7000000b8000000b9000000ba000000bb000000bc000000bd000000be000000bf000000c0000000c1000000c2000000c3000000c4000000c5000000c6000000c7000000c8000000c9000000ca000000cb000000cc000000cd000000ce000000cf000000d0000000d1000000d2000000d3000000d4000000d5000000d6000000d7000000d8000000d9000000da000000db000000dc000000dd000000de000000df000000e0000000e1000000e2000000e3000000e4000000e5000000e6000000e7000000e8000000e9000000ea000000eb000000ec000000ed000000ee000000ef000000f0000000f1000000f2000000f3000000f4000000f5000000f6000000f7000000f8000000f9000000fa000000fb000000fc000000fd000000fe000000ff000000000100000101000002010000030100000401000005010000060100000701000008010000090100000a0100000b0100000c0100000d0100000e0100000f010000100100001101000012010000130100001401000015010000160100001701000018010000190100001a0100001b0100001c0100001d0100001e0100001f010000200100002101000022010000230100002401000025010000260100002701000028010000290100002a0100002b0100002c0100002d0100002e0100002f010000300100003101000032010000330100003401000035010000360100003701000038010000390100003a0100003b0100003c0100003d0100003e0100003f010000400100004101000042010000430100004401000045010000460100004701000048010000490100004a0100004b0100004c0100004d0100004e0100004f010000500100005101000052010000530100005401000055010000560100005701000058010000590100005a0100005b0100005c0100005d0100005e0100005f010000600100006101000062010000630100006401000065010000660100006701000068010000690100006a0100006b0100006c0100006d0100006e0100006f010000700100007101000072010000730100007401000075010000760100007701000078010000790100007a0100007b0100007c0100007d0100007e0100007f010000800100008101000082010000830100008401000085010000860100008701000088010000890100008a0100008b0100008c0100008d0100008e0100008f010000900100009101000092010000930100009401000095010000960100009701000098010000990100009a0100009b0100009c0100009d0100009e0100009f010000a0010000a1010000a2010000a3010000a4010000a5010000a6010000a7010000a8010000a9010000aa010000ab010000ac010000ad010000ae010000af010000b0010000b1010000b2010000b3010000b4010000b5010000b6010000b7010000b8010000b9010000ba010000bb010000
    m_SubMeshes:
    - m_Indexes: 00000000010000000200000000000000020000000300000004000000050000000600000004000000060000000700000008000000090000000a000000080000000a0000000b0000000c0000000d0000000e0000000c0000000e0000000f000000100000001100000012000000100000001200000013000000140000001500000016000000140000001600000017000000
      m_Topology: 0
    - m_Indexes: 18000000190000001a0000001b0000001c0000001d0000001e0000001f000000200000002100000022000000230000002400000025000000260000002700000028000000290000002a0000002b0000002c0000002d0000002e0000002f000000300000003100000032000000330000003400000035000000360000003700000038000000390000003a0000003b0000003c0000003d0000003e0000003f000000400000004100000042000000430000004400000045000000460000004700000048000000490000004a0000004b0000004c0000004d0000004e0000004f000000500000005100000052000000530000005400000055000000560000005700000058000000590000005a0000005b0000005c0000005d0000005e0000005f000000600000006100000062000000630000006400000065000000660000006700000068000000690000006a0000006b0000006c0000006d0000006e0000006f000000700000007100000072000000730000007400000075000000760000007700000078000000790000007a0000007b0000007c0000007d0000007e0000007f000000800000008100000082000000830000008400000085000000860000008700000088000000890000008a0000008b0000008c0000008d0000008e0000008f000000900000009100000092000000930000009400000095000000960000009700000098000000990000009a0000009b0000009c0000009d0000009e0000009f000000a0000000a1000000a2000000a3000000a4000000a5000000a6000000a7000000a8000000a9000000aa000000ab000000ac000000ad000000ae000000af000000b0000000b1000000b2000000b3000000b4000000b5000000b6000000b7000000b8000000b9000000ba000000bb000000bc000000bd000000be000000bf000000c0000000c1000000c2000000c3000000c4000000c5000000c6000000c7000000c8000000c9000000ca000000cb000000cc000000cd000000ce000000cf000000d0000000d1000000d2000000d3000000d4000000d5000000d6000000d7000000d8000000d9000000da000000db000000dc000000dd000000de000000df000000e0000000e1000000e2000000e3000000e4000000e5000000e6000000e7000000e8000000e9000000ea000000eb000000ec000000ed000000ee000000ef000000f0000000f1000000f2000000f3000000f4000000f5000000f6000000f7000000f8000000f9000000fa000000fb000000fc000000fd000000fe000000ff000000000100000101000002010000030100000401000005010000060100000701000008010000090100000a0100000b0100000c0100000d0100000e0100000f010000100100001101000012010000130100001401000015010000160100001701000018010000190100001a0100001b0100001c0100001d0100001e0100001f010000200100002101000022010000230100002401000025010000260100002701000028010000290100002a0100002b0100002c0100002d0100002e0100002f010000300100003101000032010000330100003401000035010000360100003701000038010000390100003a0100003b0100003c0100003d0100003e0100003f010000400100004101000042010000430100004401000045010000460100004701000048010000490100004a0100004b0100004c0100004d0100004e0100004f010000500100005101000052010000530100005401000055010000560100005701000058010000590100005a0100005b0100005c0100005d0100005e0100005f010000600100006101000062010000630100006401000065010000660100006701000068010000690100006a0100006b0100006c0100006d0100006e0100006f010000700100007101000072010000730100007401000075010000760100007701000078010000790100007a0100007b0100007c0100007d0100007e0100007f010000800100008101000082010000830100008401000085010000860100008701000088010000890100008a0100008b0100008c0100008d0100008e0100008f010000900100009101000092010000930100009401000095010000960100009701000098010000990100009a0100009b0100009c0100009d0100009e0100009f010000a0010000a1010000a2010000a3010000a4010000a5010000a6010000a7010000a8010000a9010000aa010000ab010000ac010000ad010000ae010000af010000b0010000b1010000b2010000b3010000b4010000b5010000b6010000b7010000b8010000b9010000ba010000bb010000
      m_Topology: 0
    m_Mesh: {fileID: 0}
  m_SkinMeshRef: {fileID: 0}
  m_OriginalMeshObject: {fileID: 4300000, guid: a85384746d57ef7429c0b6665941555c,
    type: 3}
  m_Mode: 0
