%YAML 1.1
%TAG !u! tag:unity3d.com,2011:
--- !u!1 &784202590893309348
GameObject:
  m_ObjectHideFlags: 0
  m_CorrespondingSourceObject: {fileID: 0}
  m_PrefabInstance: {fileID: 0}
  m_PrefabAsset: {fileID: 0}
  serializedVersion: 6
  m_Component:
  - component: {fileID: 784202590893465988}
  - component: {fileID: 784202590892138916}
  - component: {fileID: 784202590891041636}
  - component: {fileID: 784202590902783588}
  - component: {fileID: 1549964523635811768}
  m_Layer: 0
  m_Name: tree_1
  m_TagString: Untagged
  m_Icon: {fileID: 0}
  m_NavMeshLayer: 0
  m_StaticEditorFlags: 0
  m_IsActive: 1
--- !u!4 &784202590893465988
Transform:
  m_ObjectHideFlags: 0
  m_CorrespondingSourceObject: {fileID: 0}
  m_PrefabInstance: {fileID: 0}
  m_PrefabAsset: {fileID: 0}
  m_GameObject: {fileID: 784202590893309348}
  m_LocalRotation: {x: 0.000000015970858, y: 0.6996111, z: -0.00000001563751, w: 0.7145238}
  m_LocalPosition: {x: -16.562408, y: -0.87257266, z: -54.360764}
  m_LocalScale: {x: 0.5, y: 0.5, z: 0.5}
  m_ConstrainProportionsScale: 0
  m_Children: []
  m_Father: {fileID: 0}
  m_RootOrder: 0
  m_LocalEulerAnglesHint: {x: 0, y: 0, z: 0}
--- !u!33 &784202590892138916
MeshFilter:
  m_ObjectHideFlags: 0
  m_CorrespondingSourceObject: {fileID: 0}
  m_PrefabInstance: {fileID: 0}
  m_PrefabAsset: {fileID: 0}
  m_GameObject: {fileID: 784202590893309348}
  m_Mesh: {fileID: 0}
--- !u!23 &784202590891041636
MeshRenderer:
  m_ObjectHideFlags: 0
  m_CorrespondingSourceObject: {fileID: 0}
  m_PrefabInstance: {fileID: 0}
  m_PrefabAsset: {fileID: 0}
  m_GameObject: {fileID: 784202590893309348}
  m_Enabled: 1
  m_CastShadows: 1
  m_ReceiveShadows: 1
  m_DynamicOccludee: 1
  m_StaticShadowCaster: 0
  m_MotionVectors: 1
  m_LightProbeUsage: 1
  m_ReflectionProbeUsage: 1
  m_RayTracingMode: 2
  m_RayTraceProcedural: 0
  m_RenderingLayerMask: 1
  m_RendererPriority: 0
  m_Materials:
  - {fileID: 2100000, guid: 94c54b02a6c835949b3c1b064536a0f8, type: 2}
  - {fileID: 2100000, guid: ef6aeeebdd37b6b40bd2d6b3e5d28259, type: 2}
  m_StaticBatchInfo:
    firstSubMesh: 0
    subMeshCount: 0
  m_StaticBatchRoot: {fileID: 0}
  m_ProbeAnchor: {fileID: 0}
  m_LightProbeVolumeOverride: {fileID: 0}
  m_ScaleInLightmap: 1
  m_ReceiveGI: 1
  m_PreserveUVs: 0
  m_IgnoreNormalsForChartDetection: 0
  m_ImportantGI: 0
  m_StitchLightmapSeams: 1
  m_SelectedEditorRenderState: 2
  m_MinimumChartSize: 4
  m_AutoUVMaxDistance: 0.5
  m_AutoUVMaxAngle: 89
  m_LightmapParameters: {fileID: 0}
  m_SortingLayerID: 0
  m_SortingLayer: 0
  m_SortingOrder: 0
  m_AdditionalVertexStreams: {fileID: 0}
--- !u!95 &784202590902783588
Animator:
  serializedVersion: 5
  m_ObjectHideFlags: 0
  m_CorrespondingSourceObject: {fileID: 0}
  m_PrefabInstance: {fileID: 0}
  m_PrefabAsset: {fileID: 0}
  m_GameObject: {fileID: 784202590893309348}
  m_Enabled: 1
  m_Avatar: {fileID: 9000000, guid: 0001ef2c9558aba49a7eb3ef1ad3b64d, type: 3}
  m_Controller: {fileID: 0}
  m_CullingMode: 0
  m_UpdateMode: 0
  m_ApplyRootMotion: 0
  m_LinearVelocityBlending: 0
  m_StabilizeFeet: 0
  m_WarningMessage: 
  m_HasTransformHierarchy: 1
  m_AllowConstantClipSamplingOptimization: 1
  m_KeepAnimatorStateOnDisable: 0
  m_WriteDefaultValuesOnDisable: 0
--- !u!114 &1549964523635811768
MonoBehaviour:
  m_ObjectHideFlags: 0
  m_CorrespondingSourceObject: {fileID: 0}
  m_PrefabInstance: {fileID: 0}
  m_PrefabAsset: {fileID: 0}
  m_GameObject: {fileID: 784202590893309348}
  m_Enabled: 1
  m_EditorHideFlags: 0
  m_Script: {fileID: 11500000, guid: 4bd5e5ddd242bd64581fb5ed9c0e0507, type: 3}
  m_Name: 
  m_EditorClassIdentifier: 
  m_PolyMesh:
    name: tree_1
    vertices:
    - {x: 0.68880224, y: -0.34608966, z: 0.2452168}
    - {x: -0.13815597, y: -0.3350769, z: 0.24684417}
    - {x: -0.13809665, y: -0.33507672, z: -0.5728056}
    - {x: 0.6888028, y: -0.34608963, z: -0.57280654}
    - {x: 0.19376275, y: 8.995499, z: -0.21479397}
    - {x: 0.042807303, y: 8.995498, z: -0.438432}
    - {x: -0.13977097, y: 8.999294, z: -0.31835914}
    - {x: -0.016694665, y: 8.999295, z: -0.058544576}
    - {x: -0.13815597, y: -0.3350769, z: 0.24684417}
    - {x: -0.016694665, y: 8.999295, z: -0.058544576}
    - {x: -0.13977097, y: 8.999294, z: -0.31835914}
    - {x: -0.13809665, y: -0.33507672, z: -0.5728056}
    - {x: 0.6888028, y: -0.34608963, z: -0.57280654}
    - {x: 0.042807303, y: 8.995498, z: -0.438432}
    - {x: 0.19376275, y: 8.995499, z: -0.21479397}
    - {x: 0.68880224, y: -0.34608966, z: 0.2452168}
    - {x: -0.13809665, y: -0.33507672, z: -0.5728056}
    - {x: -0.13977097, y: 8.999294, z: -0.31835914}
    - {x: 0.042807303, y: 8.995498, z: -0.438432}
    - {x: 0.6888028, y: -0.34608963, z: -0.57280654}
    - {x: 0.68880224, y: -0.34608966, z: 0.2452168}
    - {x: 0.19376275, y: 8.995499, z: -0.21479397}
    - {x: -0.016694665, y: 8.999295, z: -0.058544576}
    - {x: -0.13815597, y: -0.3350769, z: 0.24684417}
    - {x: 0.57800335, y: 0.25928417, z: -0.36822093}
    - {x: 2.9385686, y: 0.8549362, z: 1.9873217}
    - {x: -0.2196895, y: 0.8549355, z: 3.4039397}
    - {x: -0.2196895, y: 0.8549355, z: 3.4039397}
    - {x: -2.5374131, y: 0.85493577, z: -2.4331217}
    - {x: 0.57800335, y: 0.25928417, z: -0.36822093}
    - {x: 0.57800335, y: 0.25928417, z: -0.36822093}
    - {x: 3.9811358, y: 0.8549359, z: -1.6350065}
    - {x: 2.9385686, y: 0.8549362, z: 1.9873217}
    - {x: 0.57800335, y: 0.25928417, z: -0.36822093}
    - {x: 1.1685743, y: 0.8549355, z: -4.0390143}
    - {x: 3.9811358, y: 0.8549359, z: -1.6350065}
    - {x: 0.57800335, y: 0.25928417, z: -0.36822093}
    - {x: -2.5374131, y: 0.85493577, z: -2.4331217}
    - {x: 1.1685743, y: 0.8549355, z: -4.0390143}
    - {x: -0.2196895, y: 0.8549355, z: 3.4039397}
    - {x: -3.1715834, y: 1.8187248, z: -0.21481903}
    - {x: -2.5374131, y: 0.85493577, z: -2.4331217}
    - {x: 2.9385686, y: 0.8549362, z: 1.9873217}
    - {x: 0.2641535, y: 1.8187248, z: 3.306968}
    - {x: -0.2196895, y: 0.8549355, z: 3.4039397}
    - {x: 3.9811358, y: 0.8549359, z: -1.6350065}
    - {x: 3.8454852, y: 1.8187251, z: 0.65811527}
    - {x: 2.9385686, y: 0.8549362, z: 1.9873217}
    - {x: 1.1685743, y: 0.8549355, z: -4.0390143}
    - {x: 3.499366, y: 1.8187252, z: -2.6607723}
    - {x: 3.9811358, y: 0.8549359, z: -1.6350065}
    - {x: -2.5374131, y: 0.85493577, z: -2.4331217}
    - {x: -1.7959765, y: 1.8187245, z: -3.3824272}
    - {x: 1.1685743, y: 0.8549355, z: -4.0390143}
    - {x: -0.2196895, y: 0.8549355, z: 3.4039397}
    - {x: 0.2641535, y: 1.8187248, z: 3.306968}
    - {x: -3.1715834, y: 1.8187248, z: -0.21481903}
    - {x: 2.9385686, y: 0.8549362, z: 1.9873217}
    - {x: 3.8454852, y: 1.8187251, z: 0.65811527}
    - {x: 0.2641535, y: 1.8187248, z: 3.306968}
    - {x: 3.9811358, y: 0.8549359, z: -1.6350065}
    - {x: 3.499366, y: 1.8187252, z: -2.6607723}
    - {x: 3.8454852, y: 1.8187251, z: 0.65811527}
    - {x: 1.1685743, y: 0.8549355, z: -4.0390143}
    - {x: -1.7959765, y: 1.8187245, z: -3.3824272}
    - {x: 3.499366, y: 1.8187252, z: -2.6607723}
    - {x: -2.5374131, y: 0.85493577, z: -2.4331217}
    - {x: -3.1715834, y: 1.8187248, z: -0.21481903}
    - {x: -1.7959765, y: 1.8187245, z: -3.3824272}
    - {x: 0.2641535, y: 1.8187248, z: 3.306968}
    - {x: 0.5752565, y: 2.4143767, z: -0.36897734}
    - {x: -3.1715834, y: 1.8187248, z: -0.21481903}
    - {x: 3.8454852, y: 1.8187251, z: 0.65811527}
    - {x: 0.5752565, y: 2.4143767, z: -0.36897734}
    - {x: 0.2641535, y: 1.8187248, z: 3.306968}
    - {x: 3.499366, y: 1.8187252, z: -2.6607723}
    - {x: 0.5752565, y: 2.4143767, z: -0.36897734}
    - {x: 3.8454852, y: 1.8187251, z: 0.65811527}
    - {x: -1.7959765, y: 1.8187245, z: -3.3824272}
    - {x: 0.5752565, y: 2.4143767, z: -0.36897734}
    - {x: 3.499366, y: 1.8187252, z: -2.6607723}
    - {x: -3.1715834, y: 1.8187248, z: -0.21481903}
    - {x: 0.5752565, y: 2.4143767, z: -0.36897734}
    - {x: -1.7959765, y: 1.8187245, z: -3.3824272}
    - {x: 0.6092781, y: 1.8022549, z: -0.33362427}
    - {x: 3.3043432, y: 2.2954302, z: -1.6384312}
    - {x: 2.5193617, y: 2.2954302, z: 1.8417323}
    - {x: 2.5193617, y: 2.2954302, z: 1.8417323}
    - {x: -0.6803701, y: 2.29543, z: 2.528674}
    - {x: 0.6092781, y: 1.8022549, z: -0.33362427}
    - {x: 0.6092781, y: 1.8022549, z: -0.33362427}
    - {x: -0.18388666, y: 2.2954304, z: -3.3940048}
    - {x: 3.3043432, y: 2.2954302, z: -1.6384312}
    - {x: 0.6092781, y: 1.8022549, z: -0.33362427}
    - {x: -2.2206435, y: 2.2954297, z: -1.5728396}
    - {x: -0.18388666, y: 2.2954304, z: -3.3940048}
    - {x: 0.6092781, y: 1.8022549, z: -0.33362427}
    - {x: -0.6803701, y: 2.29543, z: 2.528674}
    - {x: -2.2206435, y: 2.2954297, z: -1.5728396}
    - {x: 2.5193617, y: 2.2954302, z: 1.8417323}
    - {x: 0.40233862, y: 3.093409, z: 2.709638}
    - {x: -0.6803701, y: 2.29543, z: 2.528674}
    - {x: 3.3043432, y: 2.2954302, z: -1.6384312}
    - {x: 3.093806, y: 3.093409, z: -0.82850766}
    - {x: 2.5193617, y: 2.2954302, z: 1.8417323}
    - {x: -0.18388666, y: 2.2954304, z: -3.3940048}
    - {x: 2.4339976, y: 3.0934093, z: -2.8034368}
    - {x: 3.3043432, y: 2.2954302, z: -1.6384312}
    - {x: -2.2206435, y: 2.2954297, z: -1.5728396}
    - {x: -1.4040774, y: 3.093409, z: -2.746223}
    - {x: -0.18388666, y: 2.2954304, z: -3.3940048}
    - {x: -0.6803701, y: 2.29543, z: 2.528674}
    - {x: -2.3437371, y: 3.0934083, z: 1.2621692}
    - {x: -2.2206435, y: 2.2954297, z: -1.5728396}
    - {x: 2.5193617, y: 2.2954302, z: 1.8417323}
    - {x: 3.093806, y: 3.093409, z: -0.82850766}
    - {x: 0.40233862, y: 3.093409, z: 2.709638}
    - {x: 3.3043432, y: 2.2954302, z: -1.6384312}
    - {x: 2.4339976, y: 3.0934093, z: -2.8034368}
    - {x: 3.093806, y: 3.093409, z: -0.82850766}
    - {x: -0.18388666, y: 2.2954304, z: -3.3940048}
    - {x: -1.4040774, y: 3.093409, z: -2.746223}
    - {x: 2.4339976, y: 3.0934093, z: -2.8034368}
    - {x: -2.2206435, y: 2.2954297, z: -1.5728396}
    - {x: -2.3437371, y: 3.0934083, z: 1.2621692}
    - {x: -1.4040774, y: 3.093409, z: -2.746223}
    - {x: -0.6803701, y: 2.29543, z: 2.528674}
    - {x: 0.40233862, y: 3.093409, z: 2.709638}
    - {x: -2.3437371, y: 3.0934083, z: 1.2621692}
    - {x: 3.093806, y: 3.093409, z: -0.82850766}
    - {x: 0.57572556, y: 3.5865848, z: -0.34033024}
    - {x: 0.40233862, y: 3.093409, z: 2.709638}
    - {x: 2.4339976, y: 3.0934093, z: -2.8034368}
    - {x: 0.57572556, y: 3.5865848, z: -0.34033024}
    - {x: 3.093806, y: 3.093409, z: -0.82850766}
    - {x: -1.4040774, y: 3.093409, z: -2.746223}
    - {x: 0.57572556, y: 3.5865848, z: -0.34033024}
    - {x: 2.4339976, y: 3.0934093, z: -2.8034368}
    - {x: -2.3437371, y: 3.0934083, z: 1.2621692}
    - {x: 0.57572556, y: 3.5865848, z: -0.34033024}
    - {x: -1.4040774, y: 3.093409, z: -2.746223}
    - {x: 0.40233862, y: 3.093409, z: 2.709638}
    - {x: 0.57572556, y: 3.5865848, z: -0.34033024}
    - {x: -2.3437371, y: 3.0934083, z: 1.2621692}
    - {x: 0.5453764, y: 3.4273572, z: -0.37354037}
    - {x: 1.507368, y: 3.8557034, z: 2.0904188}
    - {x: -0.9231794, y: 3.8557026, z: 2.185875}
    - {x: -0.9231794, y: 3.8557026, z: 2.185875}
    - {x: -2.071271, y: 3.8557026, z: -1.473816}
    - {x: 0.5453764, y: 3.4273572, z: -0.37354037}
    - {x: 0.5453764, y: 3.4273572, z: -0.37354037}
    - {x: 2.8141723, y: 3.8557034, z: -1.207789}
    - {x: 1.507368, y: 3.8557034, z: 2.0904188}
    - {x: 0.5453764, y: 3.4273572, z: -0.37354037}
    - {x: 0.23373058, y: 3.8557024, z: -3.0601797}
    - {x: 2.8141723, y: 3.8557034, z: -1.207789}
    - {x: 0.5453764, y: 3.4273572, z: -0.37354037}
    - {x: -2.071271, y: 3.8557026, z: -1.473816}
    - {x: 0.23373058, y: 3.8557024, z: -3.0601797}
    - {x: -0.9231794, y: 3.8557026, z: 2.185875}
    - {x: -2.2826695, y: 4.5487847, z: 0.42105758}
    - {x: -2.071271, y: 3.8557026, z: -1.473816}
    - {x: 1.507368, y: 3.8557034, z: 2.0904188}
    - {x: 0.13438547, y: 4.5487857, z: 2.264943}
    - {x: -0.9231794, y: 3.8557026, z: 2.185875}
    - {x: 2.8141723, y: 3.8557034, z: -1.207789}
    - {x: 2.8270824, y: 4.5487847, z: 0.5492035}
    - {x: 1.507368, y: 3.8557034, z: 2.0904188}
    - {x: 0.23373058, y: 3.8557024, z: -3.0601797}
    - {x: 1.4894257, y: 4.5487847, z: -2.726665}
    - {x: 2.8141723, y: 3.8557034, z: -1.207789}
    - {x: -2.071271, y: 3.8557026, z: -1.473816}
    - {x: -1.5256242, y: 4.5487843, z: -2.3963504}
    - {x: 0.23373058, y: 3.8557024, z: -3.0601797}
    - {x: -0.9231794, y: 3.8557026, z: 2.185875}
    - {x: 0.13438547, y: 4.5487857, z: 2.264943}
    - {x: -2.2826695, y: 4.5487847, z: 0.42105758}
    - {x: 1.507368, y: 3.8557034, z: 2.0904188}
    - {x: 2.8270824, y: 4.5487847, z: 0.5492035}
    - {x: 0.13438547, y: 4.5487857, z: 2.264943}
    - {x: 2.8141723, y: 3.8557034, z: -1.207789}
    - {x: 1.4894257, y: 4.5487847, z: -2.726665}
    - {x: 2.8270824, y: 4.5487847, z: 0.5492035}
    - {x: 0.23373058, y: 3.8557024, z: -3.0601797}
    - {x: -1.5256242, y: 4.5487843, z: -2.3963504}
    - {x: 1.4894257, y: 4.5487847, z: -2.726665}
    - {x: -2.071271, y: 3.8557026, z: -1.473816}
    - {x: -2.2826695, y: 4.5487847, z: 0.42105758}
    - {x: -1.5256242, y: 4.5487843, z: -2.3963504}
    - {x: 0.13438547, y: 4.5487857, z: 2.264943}
    - {x: 0.47098044, y: 4.9771304, z: -0.38651}
    - {x: -2.2826695, y: 4.5487847, z: 0.42105758}
    - {x: 2.8270824, y: 4.5487847, z: 0.5492035}
    - {x: 0.47098044, y: 4.9771304, z: -0.38651}
    - {x: 0.13438547, y: 4.5487857, z: 2.264943}
    - {x: 1.4894257, y: 4.5487847, z: -2.726665}
    - {x: 0.47098044, y: 4.9771304, z: -0.38651}
    - {x: 2.8270824, y: 4.5487847, z: 0.5492035}
    - {x: -1.5256242, y: 4.5487843, z: -2.3963504}
    - {x: 0.47098044, y: 4.9771304, z: -0.38651}
    - {x: 1.4894257, y: 4.5487847, z: -2.726665}
    - {x: -2.2826695, y: 4.5487847, z: 0.42105758}
    - {x: 0.47098044, y: 4.9771304, z: -0.38651}
    - {x: -1.5256242, y: 4.5487843, z: -2.3963504}
    - {x: 0.49439257, y: 5.2427325, z: -0.35995987}
    - {x: 1.3064733, y: 5.6116953, z: -2.1742277}
    - {x: 1.7557948, y: 5.6116953, z: 1.6511734}
    - {x: 1.7557948, y: 5.6116953, z: 1.6511734}
    - {x: -0.76470524, y: 5.6116953, z: 1.6111094}
    - {x: 0.49439257, y: 5.2427325, z: -0.35995987}
    - {x: 0.49439257, y: 5.2427325, z: -0.35995987}
    - {x: -1.411818, y: 5.6116962, z: -2.1225646}
    - {x: 1.3064733, y: 5.6116953, z: -2.1742277}
    - {x: 0.49439257, y: 5.2427325, z: -0.35995987}
    - {x: -2.2264087, y: 5.611695, z: 0.077626966}
    - {x: -1.411818, y: 5.6116962, z: -2.1225646}
    - {x: 0.49439257, y: 5.2427325, z: -0.35995987}
    - {x: -0.76470524, y: 5.6116953, z: 1.6111094}
    - {x: -2.2264087, y: 5.611695, z: 0.077626966}
    - {x: 1.7557948, y: 5.6116953, z: 1.6511734}
    - {x: 0.38085154, y: 6.2086926, z: 1.9393574}
    - {x: -0.76470524, y: 5.6116953, z: 1.6111094}
    - {x: 1.3064733, y: 5.6116953, z: -2.1742277}
    - {x: 2.6715202, y: 6.208693, z: 0.0880312}
    - {x: 1.7557948, y: 5.6116953, z: 1.6511734}
    - {x: -1.411818, y: 5.6116962, z: -2.1225646}
    - {x: 0.09234987, y: 6.208693, z: -2.652027}
    - {x: 1.3064733, y: 5.6116953, z: -2.1742277}
    - {x: -2.2264087, y: 5.611695, z: 0.077626966}
    - {x: -1.6294005, y: 6.2086926, z: -1.7101082}
    - {x: -1.411818, y: 5.6116962, z: -2.1225646}
    - {x: -0.76470524, y: 5.6116953, z: 1.6111094}
    - {x: -1.6905651, y: 6.208692, z: 0.77165914}
    - {x: -2.2264087, y: 5.611695, z: 0.077626966}
    - {x: 1.7557948, y: 5.6116953, z: 1.6511734}
    - {x: 2.6715202, y: 6.208693, z: 0.0880312}
    - {x: 0.38085154, y: 6.2086926, z: 1.9393574}
    - {x: 1.3064733, y: 5.6116953, z: -2.1742277}
    - {x: 0.09234987, y: 6.208693, z: -2.652027}
    - {x: 2.6715202, y: 6.208693, z: 0.0880312}
    - {x: -1.411818, y: 5.6116962, z: -2.1225646}
    - {x: -1.6294005, y: 6.2086926, z: -1.7101082}
    - {x: 0.09234987, y: 6.208693, z: -2.652027}
    - {x: -2.2264087, y: 5.611695, z: 0.077626966}
    - {x: -1.6905651, y: 6.208692, z: 0.77165914}
    - {x: -1.6294005, y: 6.2086926, z: -1.7101082}
    - {x: -0.76470524, y: 5.6116953, z: 1.6111094}
    - {x: 0.38085154, y: 6.2086926, z: 1.9393574}
    - {x: -1.6905651, y: 6.208692, z: 0.77165914}
    - {x: 2.6715202, y: 6.208693, z: 0.0880312}
    - {x: 0.4445973, y: 6.5776563, z: -0.3991441}
    - {x: 0.38085154, y: 6.2086926, z: 1.9393574}
    - {x: 0.09234987, y: 6.208693, z: -2.652027}
    - {x: 0.4445973, y: 6.5776563, z: -0.3991441}
    - {x: 2.6715202, y: 6.208693, z: 0.0880312}
    - {x: -1.6294005, y: 6.2086926, z: -1.7101082}
    - {x: 0.4445973, y: 6.5776563, z: -0.3991441}
    - {x: 0.09234987, y: 6.208693, z: -2.652027}
    - {x: -1.6905651, y: 6.208692, z: 0.77165914}
    - {x: 0.4445973, y: 6.5776563, z: -0.3991441}
    - {x: -1.6294005, y: 6.2086926, z: -1.7101082}
    - {x: 0.38085154, y: 6.2086926, z: 1.9393574}
    - {x: 0.4445973, y: 6.5776563, z: -0.3991441}
    - {x: -1.6905651, y: 6.208692, z: 0.77165914}
    - {x: 0.3992571, y: 6.7478886, z: -0.425458}
    - {x: 1.2602179, y: 7.0042877, z: 0.97250193}
    - {x: -0.6207014, y: 7.004287, z: 0.7562586}
    - {x: -0.6207014, y: 7.004287, z: 0.7562586}
    - {x: -1.3587391, y: 7.0042877, z: -0.6833847}
    - {x: 0.3992571, y: 6.7478886, z: -0.425458}
    - {x: 0.3992571, y: 6.7478886, z: -0.425458}
    - {x: 1.7179427, y: 7.0042877, z: -1.0409825}
    - {x: 1.2602179, y: 7.0042877, z: 0.97250193}
    - {x: 0.3992571, y: 6.7478886, z: -0.425458}
    - {x: -0.070967376, y: 7.004287, z: -1.964645}
    - {x: 1.7179427, y: 7.0042877, z: -1.0409825}
    - {x: 0.3992571, y: 6.7478886, z: -0.425458}
    - {x: -1.3587391, y: 7.0042877, z: -0.6833847}
    - {x: -0.070967376, y: 7.004287, z: -1.964645}
    - {x: -0.6207014, y: 7.004287, z: 0.7562586}
    - {x: -1.1518229, y: 7.4191527, z: 0.041877817}
    - {x: -1.3587391, y: 7.0042877, z: -0.6833847}
    - {x: 1.2602179, y: 7.0042877, z: 0.97250193}
    - {x: 0.31739965, y: 7.4191527, z: 1.1743777}
    - {x: -0.6207014, y: 7.004287, z: 0.7562586}
    - {x: 1.7179427, y: 7.0042877, z: -1.0409825}
    - {x: 1.876538, y: 7.4191513, z: 0.03912927}
    - {x: 1.2602179, y: 7.0042877, z: 0.97250193}
    - {x: -0.070967376, y: 7.004287, z: -1.964645}
    - {x: 1.3027109, y: 7.4191527, z: -1.7088513}
    - {x: 1.7179427, y: 7.0042877, z: -1.0409825}
    - {x: -1.3587391, y: 7.0042877, z: -0.6833847}
    - {x: -0.56927097, y: 7.4191513, z: -1.701903}
    - {x: -0.070967376, y: 7.004287, z: -1.964645}
    - {x: -0.6207014, y: 7.004287, z: 0.7562586}
    - {x: 0.31739965, y: 7.4191527, z: 1.1743777}
    - {x: -1.1518229, y: 7.4191527, z: 0.041877817}
    - {x: 1.2602179, y: 7.0042877, z: 0.97250193}
    - {x: 1.876538, y: 7.4191513, z: 0.03912927}
    - {x: 0.31739965, y: 7.4191527, z: 1.1743777}
    - {x: 1.7179427, y: 7.0042877, z: -1.0409825}
    - {x: 1.3027109, y: 7.4191527, z: -1.7088513}
    - {x: 1.876538, y: 7.4191513, z: 0.03912927}
    - {x: -0.070967376, y: 7.004287, z: -1.964645}
    - {x: -0.56927097, y: 7.4191513, z: -1.701903}
    - {x: 1.3027109, y: 7.4191527, z: -1.7088513}
    - {x: -1.3587391, y: 7.0042877, z: -0.6833847}
    - {x: -1.1518229, y: 7.4191527, z: 0.041877817}
    - {x: -0.56927097, y: 7.4191513, z: -1.701903}
    - {x: 0.31739965, y: 7.4191527, z: 1.1743777}
    - {x: 0.24762185, y: 7.675551, z: -0.42262766}
    - {x: -1.1518229, y: 7.4191527, z: 0.041877817}
    - {x: 1.876538, y: 7.4191513, z: 0.03912927}
    - {x: 0.24762185, y: 7.675551, z: -0.42262766}
    - {x: 0.31739965, y: 7.4191527, z: 1.1743777}
    - {x: 1.3027109, y: 7.4191527, z: -1.7088513}
    - {x: 0.24762185, y: 7.675551, z: -0.42262766}
    - {x: 1.876538, y: 7.4191513, z: 0.03912927}
    - {x: -0.56927097, y: 7.4191513, z: -1.701903}
    - {x: 0.24762185, y: 7.675551, z: -0.42262766}
    - {x: 1.3027109, y: 7.4191527, z: -1.7088513}
    - {x: -1.1518229, y: 7.4191527, z: 0.041877817}
    - {x: 0.24762185, y: 7.675551, z: -0.42262766}
    - {x: -0.56927097, y: 7.4191513, z: -1.701903}
    - {x: 0.25311413, y: 7.818327, z: -0.40305254}
    - {x: 1.3627887, y: 8.038767, z: -1.2262821}
    - {x: 1.4017472, y: 8.038766, z: 0.31177372}
    - {x: 1.4017472, y: 8.038766, z: 0.31177372}
    - {x: -0.14102003, y: 8.038764, z: 0.86691755}
    - {x: 0.25311413, y: 7.818327, z: -0.40305254}
    - {x: 0.25311413, y: 7.818327, z: -0.40305254}
    - {x: 0.22730453, y: 8.038766, z: -1.7391093}
    - {x: 1.3627887, y: 8.038767, z: -1.2262821}
    - {x: 0.25311413, y: 7.818327, z: -0.40305254}
    - {x: -0.8620467, y: 8.038764, z: -0.63659805}
    - {x: 0.22730453, y: 8.038766, z: -1.7391093}
    - {x: 0.25311413, y: 7.818327, z: -0.40305254}
    - {x: -0.14102003, y: 8.038764, z: 0.86691755}
    - {x: -0.8620467, y: 8.038764, z: -0.63659805}
    - {x: 1.4017472, y: 8.038766, z: 0.31177372}
    - {x: 0.7433772, y: 8.395445, z: 0.8971651}
    - {x: -0.14102003, y: 8.038764, z: 0.86691755}
    - {x: 1.3627887, y: 8.038767, z: -1.2262821}
    - {x: 1.4827217, y: 8.395445, z: -0.59117657}
    - {x: 1.4017472, y: 8.038766, z: 0.31177372}
    - {x: 0.22730453, y: 8.038766, z: -1.7391093}
    - {x: 0.8019432, y: 8.395445, z: -1.6721128}
    - {x: 1.3627887, y: 8.038767, z: -1.2262821}
    - {x: -0.8620467, y: 8.038764, z: -0.63659805}
    - {x: -0.48987517, y: 8.395444, z: -1.3676479}
    - {x: 0.22730453, y: 8.038766, z: -1.7391093}
    - {x: -0.14102003, y: 8.038764, z: 0.86691755}
    - {x: -0.7797824, y: 8.395445, z: 0.2514897}
    - {x: -0.8620467, y: 8.038764, z: -0.63659805}
    - {x: 1.4017472, y: 8.038766, z: 0.31177372}
    - {x: 1.4827217, y: 8.395445, z: -0.59117657}
    - {x: 0.7433772, y: 8.395445, z: 0.8971651}
    - {x: 1.3627887, y: 8.038767, z: -1.2262821}
    - {x: 0.8019432, y: 8.395445, z: -1.6721128}
    - {x: 1.4827217, y: 8.395445, z: -0.59117657}
    - {x: 0.22730453, y: 8.038766, z: -1.7391093}
    - {x: -0.48987517, y: 8.395444, z: -1.3676479}
    - {x: 0.8019432, y: 8.395445, z: -1.6721128}
    - {x: -0.8620467, y: 8.038764, z: -0.63659805}
    - {x: -0.7797824, y: 8.395445, z: 0.2514897}
    - {x: -0.48987517, y: 8.395444, z: -1.3676479}
    - {x: -0.14102003, y: 8.038764, z: 0.86691755}
    - {x: 0.7433772, y: 8.395445, z: 0.8971651}
    - {x: -0.7797824, y: 8.395445, z: 0.2514897}
    - {x: 1.4827217, y: 8.395445, z: -0.59117657}
    - {x: 0.1181096, y: 8.615885, z: -0.36332121}
    - {x: 0.7433772, y: 8.395445, z: 0.8971651}
    - {x: 0.8019432, y: 8.395445, z: -1.6721128}
    - {x: 0.1181096, y: 8.615885, z: -0.36332121}
    - {x: 1.4827217, y: 8.395445, z: -0.59117657}
    - {x: -0.48987517, y: 8.395444, z: -1.3676479}
    - {x: 0.1181096, y: 8.615885, z: -0.36332121}
    - {x: 0.8019432, y: 8.395445, z: -1.6721128}
    - {x: -0.7797824, y: 8.395445, z: 0.2514897}
    - {x: 0.1181096, y: 8.615885, z: -0.36332121}
    - {x: -0.48987517, y: 8.395444, z: -1.3676479}
    - {x: 0.7433772, y: 8.395445, z: 0.8971651}
    - {x: 0.1181096, y: 8.615885, z: -0.36332121}
    - {x: -0.7797824, y: 8.395445, z: 0.2514897}
    - {x: 0.06372084, y: 8.869414, z: -0.3637305}
    - {x: 0.8062344, y: 9.023052, z: 0.19198757}
    - {x: -0.23409382, y: 9.023051, z: 0.445421}
    - {x: -0.23409382, y: 9.023051, z: 0.445421}
    - {x: -0.5983964, y: 9.023051, z: -0.6732375}
    - {x: 0.06372084, y: 8.869414, z: -0.3637305}
    - {x: 0.06372084, y: 8.869414, z: -0.3637305}
    - {x: 0.76368886, y: 9.023052, z: -0.92286086}
    - {x: 0.8062344, y: 9.023052, z: 0.19198757}
    - {x: 0.06372084, y: 8.869414, z: -0.3637305}
    - {x: 0.11045937, y: 9.023051, z: -1.340911}
    - {x: 0.76368886, y: 9.023052, z: -0.92286086}
    - {x: 0.06372084, y: 8.869414, z: -0.3637305}
    - {x: -0.5983964, y: 9.023051, z: -0.6732375}
    - {x: 0.11045937, y: 9.023051, z: -1.340911}
    - {x: -0.23409382, y: 9.023051, z: 0.445421}
    - {x: -0.5995835, y: 9.271644, z: -0.07760057}
    - {x: -0.5983964, y: 9.023051, z: -0.6732375}
    - {x: 0.8062344, y: 9.023052, z: 0.19198757}
    - {x: 0.33035392, y: 9.271644, z: 0.5644453}
    - {x: -0.23409382, y: 9.023051, z: 0.445421}
    - {x: 0.76368886, y: 9.023052, z: -0.92286086}
    - {x: 0.9195773, y: 9.271644, z: -0.37727532}
    - {x: 0.8062344, y: 9.023052, z: 0.19198757}
    - {x: 0.11045937, y: 9.023051, z: -1.340911}
    - {x: 0.5003962, y: 9.271644, z: -1.2396731}
    - {x: 0.76368886, y: 9.023052, z: -0.92286086}
    - {x: -0.5983964, y: 9.023051, z: -0.6732375}
    - {x: -0.28387937, y: 9.271644, z: -1.153025}
    - {x: 0.11045937, y: 9.023051, z: -1.340911}
    - {x: -0.23409382, y: 9.023051, z: 0.445421}
    - {x: 0.33035392, y: 9.271644, z: 0.5644453}
    - {x: -0.5995835, y: 9.271644, z: -0.07760057}
    - {x: 0.8062344, y: 9.023052, z: 0.19198757}
    - {x: 0.9195773, y: 9.271644, z: -0.37727532}
    - {x: 0.33035392, y: 9.271644, z: 0.5644453}
    - {x: 0.76368886, y: 9.023052, z: -0.92286086}
    - {x: 0.5003962, y: 9.271644, z: -1.2396731}
    - {x: 0.9195773, y: 9.271644, z: -0.37727532}
    - {x: 0.11045937, y: 9.023051, z: -1.340911}
    - {x: -0.28387937, y: 9.271644, z: -1.153025}
    - {x: 0.5003962, y: 9.271644, z: -1.2396731}
    - {x: -0.5983964, y: 9.023051, z: -0.6732375}
    - {x: -0.5995835, y: 9.271644, z: -0.07760057}
    - {x: -0.28387937, y: 9.271644, z: -1.153025}
    - {x: 0.33035392, y: 9.271644, z: 0.5644453}
    - {x: 0.0769081, y: 9.425282, z: -0.35446662}
    - {x: -0.5995835, y: 9.271644, z: -0.07760057}
    - {x: 0.9195773, y: 9.271644, z: -0.37727532}
    - {x: 0.0769081, y: 9.425282, z: -0.35446662}
    - {x: 0.33035392, y: 9.271644, z: 0.5644453}
    - {x: 0.5003962, y: 9.271644, z: -1.2396731}
    - {x: 0.0769081, y: 9.425282, z: -0.35446662}
    - {x: 0.9195773, y: 9.271644, z: -0.37727532}
    - {x: -0.28387937, y: 9.271644, z: -1.153025}
    - {x: 0.0769081, y: 9.425282, z: -0.35446662}
    - {x: 0.5003962, y: 9.271644, z: -1.2396731}
    - {x: -0.5995835, y: 9.271644, z: -0.07760057}
    - {x: 0.0769081, y: 9.425282, z: -0.35446662}
    - {x: -0.28387937, y: 9.271644, z: -1.153025}
    normals:
    - {x: -0.013316608, y: -0.9999113, z: -0.0000006140977}
    - {x: -0.013316608, y: -0.9999113, z: -0.0000006140977}
    - {x: -0.013316608, y: -0.9999113, z: -0.0000006140977}
    - {x: -0.013316608, y: -0.9999113, z: -0.0000006140977}
    - {x: 0.013808018, y: 0.999874, z: -0.007832056}
    - {x: 0.013808018, y: 0.999874, z: -0.007832056}
    - {x: 0.013808018, y: 0.999874, z: -0.007832056}
    - {x: 0.013808018, y: 0.999874, z: -0.007832056}
    - {x: -0.9935468, y: 0.006684004, z: 0.11322569}
    - {x: -0.9935468, y: 0.006684004, z: 0.11322569}
    - {x: -0.9935468, y: 0.006684004, z: 0.11322569}
    - {x: -0.9935468, y: 0.006684004, z: 0.11322569}
    - {x: 0.98800486, y: 0.057844758, z: -0.14317927}
    - {x: 0.98800486, y: 0.057844758, z: -0.14317927}
    - {x: 0.98800486, y: 0.057844758, z: -0.14317927}
    - {x: 0.98800486, y: 0.057844758, z: -0.14317927}
    - {x: -0.117857754, y: 0.016584113, z: -0.992892}
    - {x: -0.117857754, y: 0.016584113, z: -0.992892}
    - {x: -0.117857754, y: 0.016584113, z: -0.992892}
    - {x: -0.117857754, y: 0.016584113, z: -0.992892}
    - {x: 0.1509149, y: 0.043493297, z: 0.98758954}
    - {x: 0.1509149, y: 0.043493297, z: 0.98758954}
    - {x: 0.1509149, y: 0.043493297, z: 0.98758954}
    - {x: 0.1509149, y: 0.043493297, z: 0.98758954}
    - {x: 0.07685863, y: -0.9822075, z: 0.17135078}
    - {x: 0.07685863, y: -0.9822075, z: 0.17135078}
    - {x: 0.07685863, y: -0.9822075, z: 0.17135078}
    - {x: -0.24992795, y: -0.9631654, z: 0.099238895}
    - {x: -0.24992795, y: -0.9631654, z: 0.099238895}
    - {x: -0.24992795, y: -0.9631654, z: 0.099238895}
    - {x: 0.19207717, y: -0.97982144, z: 0.05528315}
    - {x: 0.19207717, y: -0.97982144, z: 0.05528315}
    - {x: 0.19207717, y: -0.97982144, z: 0.05528315}
    - {x: 0.11983794, y: -0.98284376, z: -0.14020386}
    - {x: 0.11983794, y: -0.98284376, z: -0.14020386}
    - {x: 0.11983794, y: -0.98284376, z: -0.14020386}
    - {x: -0.07425405, y: -0.9824064, z: -0.17135914}
    - {x: -0.07425405, y: -0.9824064, z: -0.17135914}
    - {x: -0.07425405, y: -0.9824064, z: -0.17135914}
    - {x: -0.524967, y: -0.8252023, z: 0.20844878}
    - {x: -0.524967, y: -0.8252023, z: 0.20844878}
    - {x: -0.524967, y: -0.8252023, z: 0.20844878}
    - {x: 0.4066417, y: -0.11292677, z: 0.9065815}
    - {x: 0.4066417, y: -0.11292677, z: 0.9065815}
    - {x: 0.4066417, y: -0.11292677, z: 0.9065815}
    - {x: 0.85161823, y: -0.46332216, z: 0.24511015}
    - {x: 0.85161823, y: -0.46332216, z: 0.24511015}
    - {x: 0.85161823, y: -0.46332216, z: 0.24511015}
    - {x: 0.584779, y: -0.43584168, z: -0.6841604}
    - {x: 0.584779, y: -0.43584168, z: -0.6841604}
    - {x: 0.584779, y: -0.43584168, z: -0.6841604}
    - {x: -0.34125513, y: -0.5131697, z: -0.7875289}
    - {x: -0.34125513, y: -0.5131697, z: -0.7875289}
    - {x: -0.34125513, y: -0.5131697, z: -0.7875289}
    - {x: -0.65767515, y: 0.3947223, z: 0.6416057}
    - {x: -0.65767515, y: 0.3947223, z: 0.6416057}
    - {x: -0.65767515, y: 0.3947223, z: 0.6416057}
    - {x: 0.5212057, y: 0.48141617, z: 0.70468646}
    - {x: 0.5212057, y: 0.48141617, z: 0.70468646}
    - {x: 0.5212057, y: 0.48141617, z: 0.70468646}
    - {x: 0.927637, y: 0.3607364, z: -0.09674107}
    - {x: 0.927637, y: 0.3607364, z: -0.09674107}
    - {x: 0.927637, y: 0.3607364, z: -0.09674107}
    - {x: 0.09126955, y: 0.73698735, z: -0.66971606}
    - {x: 0.09126955, y: 0.73698735, z: -0.66971606}
    - {x: 0.09126955, y: 0.73698735, z: -0.66971606}
    - {x: -0.8752934, y: 0.2989532, z: -0.38011646}
    - {x: -0.8752934, y: 0.2989532, z: -0.38011646}
    - {x: -0.8752934, y: 0.2989532, z: -0.38011646}
    - {x: -0.14947043, y: 0.9779548, z: 0.14581825}
    - {x: -0.14947043, y: 0.9779548, z: 0.14581825}
    - {x: -0.14947043, y: 0.9779548, z: 0.14581825}
    - {x: 0.12499626, y: 0.97765803, z: 0.16899882}
    - {x: 0.12499626, y: 0.97765803, z: 0.16899882}
    - {x: 0.12499626, y: 0.97765803, z: 0.16899882}
    - {x: 0.18502465, y: 0.9825445, z: -0.01929573}
    - {x: 0.18502465, y: 0.9825445, z: -0.01929573}
    - {x: 0.18502465, y: 0.9825445, z: -0.01929573}
    - {x: 0.029447382, y: 0.97593176, z: -0.2160787}
    - {x: 0.029447382, y: 0.97593176, z: -0.2160787}
    - {x: 0.029447382, y: 0.97593176, z: -0.2160787}
    - {x: -0.1594036, y: 0.9847835, z: -0.069224775}
    - {x: -0.1594036, y: 0.9847835, z: -0.069224775}
    - {x: -0.1594036, y: 0.9847835, z: -0.069224775}
    - {x: 0.20101626, y: -0.978538, z: 0.045341007}
    - {x: 0.20101626, y: -0.978538, z: 0.045341007}
    - {x: 0.20101626, y: -0.978538, z: 0.045341007}
    - {x: 0.04019426, y: -0.98149496, z: 0.18722196}
    - {x: 0.04019426, y: -0.98149496, z: 0.18722196}
    - {x: 0.04019426, y: -0.98149496, z: 0.18722196}
    - {x: 0.09132461, y: -0.97914916, z: -0.18145709}
    - {x: 0.09132461, y: -0.97914916, z: -0.18145709}
    - {x: 0.09132461, y: -0.97914916, z: -0.18145709}
    - {x: -0.115220554, y: -0.98494625, z: -0.12886068}
    - {x: -0.115220554, y: -0.98494625, z: -0.12886068}
    - {x: -0.115220554, y: -0.98494625, z: -0.12886068}
    - {x: -0.20357896, y: -0.9760691, z: 0.076451704}
    - {x: -0.20357896, y: -0.9760691, z: 0.076451704}
    - {x: -0.20357896, y: -0.9760691, z: 0.076451704}
    - {x: 0.18725282, y: -0.45186552, z: 0.8722121}
    - {x: 0.18725282, y: -0.45186552, z: 0.8722121}
    - {x: 0.18725282, y: -0.45186552, z: 0.8722121}
    - {x: 0.97492796, y: 0.034027547, z: 0.21990348}
    - {x: 0.97492796, y: 0.034027547, z: 0.21990348}
    - {x: 0.97492796, y: 0.034027547, z: 0.21990348}
    - {x: 0.34869283, y: -0.6311848, z: -0.692834}
    - {x: 0.34869283, y: -0.6311848, z: -0.692834}
    - {x: 0.34869283, y: -0.6311848, z: -0.692834}
    - {x: -0.6158427, y: -0.382577, z: -0.68874705}
    - {x: -0.6158427, y: -0.382577, z: -0.68874705}
    - {x: -0.6158427, y: -0.382577, z: -0.68874705}
    - {x: -0.54582965, y: -0.81243664, z: 0.20497964}
    - {x: -0.54582965, y: -0.81243664, z: 0.20497964}
    - {x: -0.54582965, y: -0.81243664, z: 0.20497964}
    - {x: 0.4512219, y: 0.82376075, z: 0.34324467}
    - {x: 0.4512219, y: 0.82376075, z: 0.34324467}
    - {x: 0.4512219, y: 0.82376075, z: 0.34324467}
    - {x: 0.823347, y: 0.49642143, z: -0.27507347}
    - {x: 0.823347, y: 0.49642143, z: -0.27507347}
    - {x: 0.823347, y: 0.49642143, z: -0.27507347}
    - {x: -0.011702119, y: 0.6193654, z: -0.78501564}
    - {x: -0.011702119, y: 0.6193654, z: -0.78501564}
    - {x: -0.011702119, y: 0.6193654, z: -0.78501564}
    - {x: -0.8123282, y: 0.5512349, z: -0.19042842}
    - {x: -0.8123282, y: 0.5512349, z: -0.19042842}
    - {x: -0.8123282, y: 0.5512349, z: -0.19042842}
    - {x: -0.4280485, y: 0.39662054, z: 0.81207556}
    - {x: -0.4280485, y: 0.39662054, z: 0.81207556}
    - {x: -0.4280485, y: 0.39662054, z: 0.81207556}
    - {x: 0.22072276, y: 0.96077555, z: 0.16790393}
    - {x: 0.22072276, y: 0.96077555, z: 0.16790393}
    - {x: 0.22072276, y: 0.96077555, z: 0.16790393}
    - {x: 0.18057539, y: 0.9817092, z: -0.060328797}
    - {x: 0.18057539, y: 0.9817092, z: -0.060328797}
    - {x: 0.18057539, y: 0.9817092, z: -0.060328797}
    - {x: -0.0029587087, y: 0.98010194, z: -0.19847307}
    - {x: -0.0029587087, y: 0.98010194, z: -0.19847307}
    - {x: -0.0029587087, y: 0.98010194, z: -0.19847307}
    - {x: -0.19014049, y: 0.98074454, z: -0.04457323}
    - {x: -0.19014049, y: 0.98074454, z: -0.04457323}
    - {x: -0.19014049, y: 0.98074454, z: -0.04457323}
    - {x: -0.08147913, y: 0.9846149, z: 0.1545789}
    - {x: -0.08147913, y: 0.9846149, z: 0.1545789}
    - {x: -0.08147913, y: 0.9846149, z: 0.1545789}
    - {x: 0.006627997, y: -0.985635, z: 0.16875966}
    - {x: 0.006627997, y: -0.985635, z: 0.16875966}
    - {x: 0.006627997, y: -0.985635, z: 0.16875966}
    - {x: -0.18499738, y: -0.9810238, z: 0.058036037}
    - {x: -0.18499738, y: -0.9810238, z: 0.058036037}
    - {x: -0.18499738, y: -0.9810238, z: 0.058036037}
    - {x: 0.21500497, y: -0.9728905, z: 0.08518852}
    - {x: 0.21500497, y: -0.9728905, z: 0.08518852}
    - {x: 0.21500497, y: -0.9728905, z: 0.08518852}
    - {x: 0.12208164, y: -0.9778416, z: -0.17006393}
    - {x: 0.12208164, y: -0.9778416, z: -0.17006393}
    - {x: 0.12208164, y: -0.9778416, z: -0.17006393}
    - {x: -0.100021556, y: -0.9843141, z: -0.14533217}
    - {x: -0.100021556, y: -0.9843141, z: -0.14533217}
    - {x: -0.100021556, y: -0.9843141, z: -0.14533217}
    - {x: -0.63884, y: -0.74277747, z: 0.20041217}
    - {x: -0.63884, y: -0.74277747, z: 0.20041217}
    - {x: -0.63884, y: -0.74277747, z: 0.20041217}
    - {x: 0.03866322, y: -0.17130478, z: 0.98445916}
    - {x: 0.03866322, y: -0.17130478, z: 0.98445916}
    - {x: 0.03866322, y: -0.17130478, z: 0.98445916}
    - {x: 0.67364466, y: -0.689175, z: 0.26690933}
    - {x: 0.67364466, y: -0.689175, z: 0.26690933}
    - {x: 0.67364466, y: -0.689175, z: 0.26690933}
    - {x: 0.48544958, y: -0.5541017, z: -0.676247}
    - {x: 0.48544958, y: -0.5541017, z: -0.676247}
    - {x: 0.48544958, y: -0.5541017, z: -0.676247}
    - {x: -0.47531188, y: -0.54507345, z: -0.6906327}
    - {x: -0.47531188, y: -0.54507345, z: -0.6906327}
    - {x: -0.47531188, y: -0.54507345, z: -0.6906327}
    - {x: -0.46561268, y: 0.6408431, z: 0.61034817}
    - {x: -0.46561268, y: 0.6408431, z: 0.61034817}
    - {x: -0.46561268, y: 0.6408431, z: 0.61034817}
    - {x: 0.40900674, y: 0.64859855, z: 0.64189833}
    - {x: 0.40900674, y: 0.64859855, z: 0.64189833}
    - {x: 0.40900674, y: 0.64859855, z: 0.64189833}
    - {x: 0.67419046, y: 0.68533117, z: -0.27529672}
    - {x: 0.67419046, y: 0.68533117, z: -0.27529672}
    - {x: 0.67419046, y: 0.68533117, z: -0.27529672}
    - {x: -0.09023741, y: 0.5598431, z: -0.82367045}
    - {x: -0.09023741, y: 0.5598431, z: -0.82367045}
    - {x: -0.09023741, y: 0.5598431, z: -0.82367045}
    - {x: -0.8920142, y: 0.38322413, z: -0.23968694}
    - {x: -0.8920142, y: 0.38322413, z: -0.23968694}
    - {x: -0.8920142, y: 0.38322413, z: -0.23968694}
    - {x: -0.11048117, y: 0.98327017, z: 0.14482316}
    - {x: -0.11048117, y: 0.98327017, z: 0.14482316}
    - {x: -0.11048117, y: 0.98327017, z: 0.14482316}
    - {x: 0.109641604, y: 0.97896385, z: 0.17207138}
    - {x: 0.109641604, y: 0.97896385, z: 0.17207138}
    - {x: 0.109641604, y: 0.97896385, z: 0.17207138}
    - {x: 0.21126685, y: 0.97361404, z: -0.08626791}
    - {x: 0.21126685, y: 0.97361404, z: -0.08626791}
    - {x: 0.21126685, y: 0.97361404, z: -0.08626791}
    - {x: -0.020674257, y: 0.98181504, z: -0.18871076}
    - {x: -0.020674257, y: 0.98181504, z: -0.18871076}
    - {x: -0.020674257, y: 0.98181504, z: -0.18871076}
    - {x: -0.16633919, y: 0.9850551, z: -0.044695925}
    - {x: -0.16633919, y: 0.9850551, z: -0.044695925}
    - {x: -0.16633919, y: 0.9850551, z: -0.044695925}
    - {x: 0.33836982, y: -0.9401735, z: -0.039744064}
    - {x: 0.33836982, y: -0.9401735, z: -0.039744064}
    - {x: 0.33836982, y: -0.9401735, z: -0.039744064}
    - {x: -0.002896533, y: -0.98325634, z: 0.18220496}
    - {x: -0.002896533, y: -0.98325634, z: 0.18220496}
    - {x: -0.002896533, y: -0.98325634, z: 0.18220496}
    - {x: -0.0038192263, y: -0.9795985, z: -0.20092802}
    - {x: -0.0038192263, y: -0.9795985, z: -0.20092802}
    - {x: -0.0038192263, y: -0.9795985, z: -0.20092802}
    - {x: -0.14251895, y: -0.9883846, z: -0.052766435}
    - {x: -0.14251895, y: -0.9883846, z: -0.052766435}
    - {x: -0.14251895, y: -0.9883846, z: -0.052766435}
    - {x: -0.116061166, y: -0.9870618, z: 0.110629}
    - {x: -0.116061166, y: -0.9870618, z: 0.110629}
    - {x: -0.116061166, y: -0.9870618, z: 0.110629}
    - {x: -0.014105033, y: -0.4608398, z: 0.88737124}
    - {x: -0.014105033, y: -0.4608398, z: 0.88737124}
    - {x: -0.014105033, y: -0.4608398, z: 0.88737124}
    - {x: 0.4764799, y: -0.8774022, z: -0.055966128}
    - {x: 0.4764799, y: -0.8774022, z: -0.055966128}
    - {x: 0.4764799, y: -0.8774022, z: -0.055966128}
    - {x: -0.014558501, y: -0.6426706, z: -0.7660044}
    - {x: -0.014558501, y: -0.6426706, z: -0.7660044}
    - {x: -0.014558501, y: -0.6426706, z: -0.7660044}
    - {x: -0.9329575, y: -0.10138517, z: -0.34541467}
    - {x: -0.9329575, y: -0.10138517, z: -0.34541467}
    - {x: -0.9329575, y: -0.10138517, z: -0.34541467}
    - {x: -0.7155809, y: -0.15067129, z: 0.6820866}
    - {x: -0.7155809, y: -0.15067129, z: 0.6820866}
    - {x: -0.7155809, y: -0.15067129, z: 0.6820866}
    - {x: 0.42871672, y: 0.7313125, z: 0.5304563}
    - {x: 0.42871672, y: 0.7313125, z: 0.5304563}
    - {x: 0.42871672, y: 0.7313125, z: 0.5304563}
    - {x: 0.5325966, y: 0.6819207, z: -0.5013233}
    - {x: 0.5325966, y: 0.6819207, z: -0.5013233}
    - {x: 0.5325966, y: 0.6819207, z: -0.5013233}
    - {x: -0.4407195, y: 0.3959515, z: -0.8055984}
    - {x: -0.4407195, y: 0.3959515, z: -0.8055984}
    - {x: -0.4407195, y: 0.3959515, z: -0.8055984}
    - {x: -0.7335354, y: 0.6794109, z: -0.01807816}
    - {x: -0.7335354, y: 0.6794109, z: -0.01807816}
    - {x: -0.7335354, y: 0.6794109, z: -0.01807816}
    - {x: -0.44556642, y: 0.42039344, z: 0.79040486}
    - {x: -0.44556642, y: 0.42039344, z: 0.79040486}
    - {x: -0.44556642, y: 0.42039344, z: 0.79040486}
    - {x: 0.1276704, y: 0.9791557, z: 0.15796927}
    - {x: 0.1276704, y: 0.9791557, z: 0.15796927}
    - {x: 0.1276704, y: 0.9791557, z: 0.15796927}
    - {x: 0.20057502, y: 0.961314, z: -0.18879892}
    - {x: 0.20057502, y: 0.961314, z: -0.18879892}
    - {x: 0.20057502, y: 0.961314, z: -0.18879892}
    - {x: -0.08134213, y: 0.9855333, z: -0.14868636}
    - {x: -0.08134213, y: 0.9855333, z: -0.14868636}
    - {x: -0.08134213, y: 0.9855333, z: -0.14868636}
    - {x: -0.17254137, y: 0.9849931, z: -0.0042522205}
    - {x: -0.17254137, y: 0.9849931, z: -0.0042522205}
    - {x: -0.17254137, y: 0.9849931, z: -0.0042522205}
    - {x: -0.086235054, y: 0.9844603, z: 0.15297529}
    - {x: -0.086235054, y: 0.9844603, z: 0.15297529}
    - {x: -0.086235054, y: 0.9844603, z: 0.15297529}
    - {x: -0.022258982, y: -0.98082787, z: 0.19360082}
    - {x: -0.022258982, y: -0.98082787, z: 0.19360082}
    - {x: -0.022258982, y: -0.98082787, z: 0.19360082}
    - {x: -0.15528911, y: -0.9846561, z: 0.07960934}
    - {x: -0.15528911, y: -0.9846561, z: 0.07960934}
    - {x: -0.15528911, y: -0.9846561, z: 0.07960934}
    - {x: 0.21229878, y: -0.9760123, z: 0.048261784}
    - {x: 0.21229878, y: -0.9760123, z: 0.048261784}
    - {x: 0.21229878, y: -0.9760123, z: 0.048261784}
    - {x: 0.09967946, y: -0.9761119, z: -0.19305341}
    - {x: 0.09967946, y: -0.9761119, z: -0.19305341}
    - {x: 0.09967946, y: -0.9761119, z: -0.19305341}
    - {x: -0.12509012, y: -0.9841472, z: -0.12572476}
    - {x: -0.12509012, y: -0.9841472, z: -0.12572476}
    - {x: -0.12509012, y: -0.9841472, z: -0.12572476}
    - {x: -0.83894837, y: -0.33344835, z: 0.43009034}
    - {x: -0.83894837, y: -0.33344835, z: 0.43009034}
    - {x: -0.83894837, y: -0.33344835, z: 0.43009034}
    - {x: -0.09167922, y: -0.59638965, z: 0.79744226}
    - {x: -0.09167922, y: -0.59638965, z: 0.79744226}
    - {x: -0.09167922, y: -0.59638965, z: 0.79744226}
    - {x: 0.70699453, y: -0.68871444, z: 0.16072105}
    - {x: 0.70699453, y: -0.68871444, z: 0.16072105}
    - {x: 0.70699453, y: -0.68871444, z: 0.16072105}
    - {x: 0.32910627, y: -0.69671565, z: -0.6373981}
    - {x: 0.32910627, y: -0.69671565, z: -0.6373981}
    - {x: 0.32910627, y: -0.69671565, z: -0.6373981}
    - {x: -0.65526986, y: -0.36995605, z: -0.65860003}
    - {x: -0.65526986, y: -0.36995605, z: -0.65860003}
    - {x: -0.65526986, y: -0.36995605, z: -0.65860003}
    - {x: -0.5275866, y: 0.5031677, z: 0.68445206}
    - {x: -0.5275866, y: 0.5031677, z: 0.68445206}
    - {x: -0.5275866, y: 0.5031677, z: 0.68445206}
    - {x: 0.42796347, y: 0.68657655, z: 0.5877584}
    - {x: 0.42796347, y: 0.68657655, z: 0.5877584}
    - {x: 0.42796347, y: 0.68657655, z: 0.5877584}
    - {x: 0.8668059, y: 0.40948263, z: -0.28455463}
    - {x: 0.8668059, y: 0.40948263, z: -0.28455463}
    - {x: 0.8668059, y: 0.40948263, z: -0.28455463}
    - {x: -0.003142377, y: 0.5323443, z: -0.84652215}
    - {x: -0.003142377, y: 0.5323443, z: -0.84652215}
    - {x: -0.003142377, y: 0.5323443, z: -0.84652215}
    - {x: -0.66168374, y: 0.71645725, z: -0.2210513}
    - {x: -0.66168374, y: 0.71645725, z: -0.2210513}
    - {x: -0.66168374, y: 0.71645725, z: -0.2210513}
    - {x: -0.12533948, y: 0.97869784, z: 0.16260603}
    - {x: -0.12533948, y: 0.97869784, z: 0.16260603}
    - {x: -0.12533948, y: 0.97869784, z: 0.16260603}
    - {x: 0.11125402, y: 0.98197573, z: 0.15279487}
    - {x: 0.11125402, y: 0.98197573, z: 0.15279487}
    - {x: 0.11125402, y: 0.98197573, z: 0.15279487}
    - {x: 0.1707304, y: 0.9837224, z: -0.056046974}
    - {x: 0.1707304, y: 0.9837224, z: -0.056046974}
    - {x: 0.1707304, y: 0.9837224, z: -0.056046974}
    - {x: -0.00072773016, y: 0.9805895, z: -0.19607027}
    - {x: -0.00072773016, y: 0.9805895, z: -0.19607027}
    - {x: -0.00072773016, y: 0.9805895, z: -0.19607027}
    - {x: -0.20136599, y: 0.97720325, z: -0.06727198}
    - {x: -0.20136599, y: 0.97720325, z: -0.06727198}
    - {x: -0.20136599, y: 0.97720325, z: -0.06727198}
    - {x: 0.19138283, y: -0.9815035, z: -0.004848252}
    - {x: 0.19138283, y: -0.9815035, z: -0.004848252}
    - {x: 0.19138283, y: -0.9815035, z: -0.004848252}
    - {x: 0.0688442, y: -0.979111, z: 0.19131698}
    - {x: 0.0688442, y: -0.979111, z: 0.19131698}
    - {x: 0.0688442, y: -0.979111, z: 0.19131698}
    - {x: 0.07395032, y: -0.9837286, z: -0.1637361}
    - {x: 0.07395032, y: -0.9837286, z: -0.1637361}
    - {x: 0.07395032, y: -0.9837286, z: -0.1637361}
    - {x: -0.15960467, y: -0.97450316, z: -0.1577022}
    - {x: -0.15960467, y: -0.97450316, z: -0.1577022}
    - {x: -0.15960467, y: -0.97450316, z: -0.1577022}
    - {x: -0.21349496, y: -0.9715645, z: 0.10238364}
    - {x: -0.21349496, y: -0.9715645, z: 0.10238364}
    - {x: -0.21349496, y: -0.9715645, z: 0.10238364}
    - {x: 0.24925971, y: -0.6767858, z: 0.69269806}
    - {x: 0.24925971, y: -0.6767858, z: 0.69269806}
    - {x: 0.24925971, y: -0.6767858, z: 0.69269806}
    - {x: 0.9598499, y: -0.27945852, z: -0.02431316}
    - {x: 0.9598499, y: -0.27945852, z: -0.02431316}
    - {x: 0.9598499, y: -0.27945852, z: -0.02431316}
    - {x: 0.36933285, y: -0.44142252, z: -0.8177648}
    - {x: 0.36933285, y: -0.44142252, z: -0.8177648}
    - {x: 0.36933285, y: -0.44142252, z: -0.8177648}
    - {x: -0.5832117, y: -0.57253885, z: -0.5762495}
    - {x: -0.5832117, y: -0.57253885, z: -0.5762495}
    - {x: -0.5832117, y: -0.57253885, z: -0.5762495}
    - {x: -0.6807088, y: -0.6557987, z: 0.32644096}
    - {x: -0.6807088, y: -0.6557987, z: 0.32644096}
    - {x: -0.6807088, y: -0.6557987, z: 0.32644096}
    - {x: 0.6581241, y: 0.6782259, z: 0.32692876}
    - {x: 0.6581241, y: 0.6782259, z: 0.32692876}
    - {x: 0.6581241, y: 0.6782259, z: 0.32692876}
    - {x: 0.704789, y: 0.5533925, z: -0.4438797}
    - {x: 0.704789, y: 0.5533925, z: -0.4438797}
    - {x: 0.704789, y: 0.5533925, z: -0.4438797}
    - {x: -0.20080201, y: 0.4835374, z: -0.8519802}
    - {x: -0.20080201, y: 0.4835374, z: -0.8519802}
    - {x: -0.20080201, y: 0.4835374, z: -0.8519802}
    - {x: -0.81932956, y: 0.5542363, z: -0.14670117}
    - {x: -0.81932956, y: 0.5542363, z: -0.14670117}
    - {x: -0.81932956, y: 0.5542363, z: -0.14670117}
    - {x: -0.2915934, y: 0.66468096, z: 0.68787533}
    - {x: -0.2915934, y: 0.66468096, z: 0.68787533}
    - {x: -0.2915934, y: 0.66468096, z: 0.68787533}
    - {x: 0.17283921, y: 0.98120075, z: 0.08585942}
    - {x: 0.17283921, y: 0.98120075, z: 0.08585942}
    - {x: 0.17283921, y: 0.98120075, z: 0.08585942}
    - {x: 0.14403623, y: 0.9854057, z: -0.0907144}
    - {x: 0.14403623, y: 0.9854057, z: -0.0907144}
    - {x: 0.14403623, y: 0.9854057, z: -0.0907144}
    - {x: -0.04441486, y: 0.98107797, z: -0.18845007}
    - {x: -0.04441486, y: 0.98107797, z: -0.18845007}
    - {x: -0.04441486, y: 0.98107797, z: -0.18845007}
    - {x: -0.26915142, y: 0.9618913, z: -0.04819211}
    - {x: -0.26915142, y: 0.9618913, z: -0.04819211}
    - {x: -0.26915142, y: 0.9618913, z: -0.04819211}
    - {x: -0.09127104, y: 0.97227097, z: 0.21531086}
    - {x: -0.09127104, y: 0.97227097, z: 0.21531086}
    - {x: -0.09127104, y: 0.97227097, z: 0.21531086}
    - {x: 0.04968131, y: -0.97772413, z: 0.20392963}
    - {x: 0.04968131, y: -0.97772413, z: 0.20392963}
    - {x: 0.04968131, y: -0.97772413, z: 0.20392963}
    - {x: -0.26302627, y: -0.9609787, z: 0.08565669}
    - {x: -0.26302627, y: -0.9609787, z: 0.08565669}
    - {x: -0.26302627, y: -0.9609787, z: 0.08565669}
    - {x: 0.20831618, y: -0.9780293, z: -0.007950028}
    - {x: 0.20831618, y: -0.9780293, z: -0.007950028}
    - {x: 0.20831618, y: -0.9780293, z: -0.007950028}
    - {x: 0.09607124, y: -0.9839901, z: -0.15011252}
    - {x: 0.09607124, y: -0.9839901, z: -0.15011252}
    - {x: 0.09607124, y: -0.9839901, z: -0.15011252}
    - {x: -0.15125734, y: -0.97536325, z: -0.16058575}
    - {x: -0.15125734, y: -0.97536325, z: -0.16058575}
    - {x: -0.15125734, y: -0.97536325, z: -0.16058575}
    - {x: -0.76196533, y: -0.5981928, z: 0.24814147}
    - {x: -0.76196533, y: -0.5981928, z: 0.24814147}
    - {x: -0.76196533, y: -0.5981928, z: 0.24814147}
    - {x: 0.1671461, y: -0.70802647, z: 0.68612}
    - {x: 0.1671461, y: -0.70802647, z: 0.68612}
    - {x: 0.1671461, y: -0.70802647, z: 0.68612}
    - {x: 0.87818635, y: -0.47714323, z: -0.033513684}
    - {x: 0.87818635, y: -0.47714323, z: -0.033513684}
    - {x: 0.87818635, y: -0.47714323, z: -0.033513684}
    - {x: 0.4816464, y: -0.44900605, z: -0.75260234}
    - {x: 0.4816464, y: -0.44900605, z: -0.75260234}
    - {x: 0.4816464, y: -0.44900605, z: -0.75260234}
    - {x: -0.60394514, y: -0.47341216, z: -0.6411952}
    - {x: -0.60394514, y: -0.47341216, z: -0.6411952}
    - {x: -0.60394514, y: -0.47341216, z: -0.6411952}
    - {x: -0.4231392, y: 0.6673332, z: 0.61287814}
    - {x: -0.4231392, y: 0.6673332, z: 0.61287814}
    - {x: -0.4231392, y: 0.6673332, z: 0.61287814}
    - {x: 0.65291876, y: 0.63781166, z: 0.40852597}
    - {x: 0.65291876, y: 0.63781166, z: 0.40852597}
    - {x: 0.65291876, y: 0.63781166, z: 0.40852597}
    - {x: 0.8363662, y: 0.36773372, z: -0.40652618}
    - {x: 0.8363662, y: 0.36773372, z: -0.40652618}
    - {x: 0.8363662, y: 0.36773372, z: -0.40652618}
    - {x: -0.095115766, y: 0.49979284, z: -0.86090654}
    - {x: -0.095115766, y: 0.49979284, z: -0.86090654}
    - {x: -0.095115766, y: 0.49979284, z: -0.86090654}
    - {x: -0.79701126, y: 0.55680275, z: -0.23397395}
    - {x: -0.79701126, y: 0.55680275, z: -0.23397395}
    - {x: -0.79701126, y: 0.55680275, z: -0.23397395}
    - {x: -0.13829723, y: 0.9699224, z: 0.2003104}
    - {x: -0.13829723, y: 0.9699224, z: 0.2003104}
    - {x: -0.13829723, y: 0.9699224, z: 0.2003104}
    - {x: 0.18118079, y: 0.97689444, z: 0.1133613}
    - {x: 0.18118079, y: 0.97689444, z: 0.1133613}
    - {x: 0.18118079, y: 0.97689444, z: 0.1133613}
    - {x: 0.17645709, y: 0.9805644, z: -0.08576883}
    - {x: 0.17645709, y: 0.9805644, z: -0.08576883}
    - {x: 0.17645709, y: 0.9805644, z: -0.08576883}
    - {x: -0.019911217, y: 0.9834267, z: -0.18020964}
    - {x: -0.019911217, y: 0.9834267, z: -0.18020964}
    - {x: -0.019911217, y: 0.9834267, z: -0.18020964}
    - {x: -0.24925892, y: 0.96566844, z: -0.073173955}
    - {x: -0.24925892, y: 0.96566844, z: -0.073173955}
    - {x: -0.24925892, y: 0.96566844, z: -0.073173955}
    colors: []
    tangents:
    - {x: -0.0000000081776985, y: -0.00000061404324, z: 1, w: -1}
    - {x: -0.0000000081776985, y: -0.00000061404324, z: 1, w: -1}
    - {x: -0.0000000081776985, y: -0.00000061404324, z: 1, w: -1}
    - {x: -0.0000000081776985, y: -0.00000061404324, z: 1, w: -1}
    - {x: 0.00010814848, y: 0.007831309, z: 0.99996936, w: 1}
    - {x: 0.00010814848, y: 0.007831309, z: 0.99996936, w: 1}
    - {x: 0.00010814848, y: 0.007831309, z: 0.99996936, w: 1}
    - {x: 0.00010814848, y: 0.007831309, z: 0.99996936, w: 1}
    - {x: 0.006641019, y: 0.99997765, z: -0.00075681787, w: -1}
    - {x: 0.006641019, y: 0.99997765, z: -0.00075681787, w: -1}
    - {x: 0.006641019, y: 0.99997765, z: -0.00075681787, w: -1}
    - {x: 0.006641019, y: 0.99997765, z: -0.00075681787, w: -1}
    - {x: -0.05724676, y: 0.9983256, z: 0.00829606, w: 1}
    - {x: -0.05724676, y: 0.9983256, z: 0.00829606, w: 1}
    - {x: -0.05724676, y: 0.9983256, z: 0.00829606, w: 1}
    - {x: -0.05724676, y: 0.9983256, z: 0.00829606, w: 1}
    - {x: 0.0019548354, y: 0.9998625, z: 0.016468499, w: 1}
    - {x: 0.0019548354, y: 0.9998625, z: 0.016468499, w: 1}
    - {x: 0.0019548354, y: 0.9998625, z: 0.016468499, w: 1}
    - {x: 0.0019548354, y: 0.9998625, z: 0.016468499, w: 1}
    - {x: -0.0065700035, y: 0.9990537, z: -0.04299421, w: -1}
    - {x: -0.0065700035, y: 0.9990537, z: -0.04299421, w: -1}
    - {x: -0.0065700035, y: 0.9990537, z: -0.04299421, w: -1}
    - {x: -0.0065700035, y: 0.9990537, z: -0.04299421, w: -1}
    - {x: 0.997042, y: 0.07571509, z: -0.013208858, w: 1}
    - {x: 0.997042, y: 0.07571509, z: -0.013208858, w: 1}
    - {x: 0.997042, y: 0.07571509, z: -0.013208858, w: 1}
    - {x: 0.024925614, y: 0.09605764, z: 0.9950636, w: -1}
    - {x: 0.024925614, y: 0.09605764, z: 0.9950636, w: -1}
    - {x: 0.024925614, y: 0.09605764, z: 0.9950636, w: -1}
    - {x: -0.010634895, y: 0.054250583, z: 0.9984707, w: -1}
    - {x: -0.010634895, y: 0.054250583, z: 0.9984707, w: -1}
    - {x: -0.010634895, y: 0.054250583, z: 0.9984707, w: -1}
    - {x: 0.9927935, y: 0.118636936, z: 0.016923705, w: 1}
    - {x: 0.9927935, y: 0.118636936, z: 0.016923705, w: 1}
    - {x: 0.9927935, y: 0.118636936, z: 0.016923705, w: 1}
    - {x: 0.99723935, y: -0.07314959, z: -0.012759334, w: 1}
    - {x: 0.99723935, y: -0.07314959, z: -0.012759334, w: 1}
    - {x: 0.99723935, y: -0.07314959, z: -0.012759334, w: 1}
    - {x: 0.11188651, y: 0.17587583, z: 0.97803324, w: -1}
    - {x: 0.11188651, y: 0.17587583, z: 0.97803324, w: -1}
    - {x: 0.11188651, y: 0.17587583, z: 0.97803324, w: -1}
    - {x: 0.04621636, y: 0.99360335, z: 0.10303641, w: -1}
    - {x: 0.04621636, y: 0.99360335, z: 0.10303641, w: -1}
    - {x: 0.04621636, y: 0.99360335, z: 0.10303641, w: -1}
    - {x: -0.2153082, y: 0.117138244, z: 0.96949524, w: -1}
    - {x: -0.2153082, y: 0.117138244, z: 0.96949524, w: -1}
    - {x: -0.2153082, y: 0.117138244, z: 0.96949524, w: -1}
    - {x: 0.28318274, y: 0.90002334, z: -0.33130875, w: 1}
    - {x: 0.28318274, y: 0.90002334, z: -0.33130875, w: 1}
    - {x: 0.28318274, y: 0.90002334, z: -0.33130875, w: 1}
    - {x: 0.9399707, y: -0.18630558, z: -0.2859113, w: -1}
    - {x: 0.9399707, y: -0.18630558, z: -0.2859113, w: -1}
    - {x: 0.9399707, y: -0.18630558, z: -0.2859113, w: -1}
    - {x: 0.28254128, y: 0.9188005, z: -0.27563775, w: -1}
    - {x: 0.28254128, y: 0.9188005, z: -0.27563775, w: -1}
    - {x: 0.28254128, y: 0.9188005, z: -0.27563775, w: -1}
    - {x: -0.28627396, y: 0.87649214, z: -0.38705134, w: -1}
    - {x: -0.28627396, y: 0.87649214, z: -0.38705134, w: -1}
    - {x: -0.28627396, y: 0.87649214, z: -0.38705134, w: -1}
    - {x: 0.0901635, y: 0.035062484, z: 0.9953096, w: -1}
    - {x: 0.0901635, y: 0.035062484, z: 0.9953096, w: -1}
    - {x: 0.0901635, y: 0.035062484, z: 0.9953096, w: -1}
    - {x: 0.99582624, y: -0.06754643, z: 0.061380874, w: -1}
    - {x: 0.99582624, y: -0.06754643, z: 0.061380874, w: -1}
    - {x: 0.99582624, y: -0.06754643, z: 0.061380874, w: -1}
    - {x: 0.27421206, y: 0.9542678, z: 0.119082965, w: -1}
    - {x: 0.27421206, y: 0.9542678, z: 0.119082965, w: -1}
    - {x: 0.27421206, y: 0.9542678, z: 0.119082965, w: -1}
    - {x: 0.022030998, y: -0.14414436, z: 0.9893114, w: 1}
    - {x: 0.022030998, y: -0.14414436, z: 0.9893114, w: 1}
    - {x: 0.022030998, y: -0.14414436, z: 0.9893114, w: 1}
    - {x: 0.99215716, y: -0.12316958, z: -0.021291202, w: -1}
    - {x: 0.99215716, y: -0.12316958, z: -0.021291202, w: -1}
    - {x: 0.99215716, y: -0.12316958, z: -0.021291202, w: -1}
    - {x: 0.0035708505, y: 0.018962445, z: 0.9998138, w: 1}
    - {x: 0.0035708505, y: 0.018962445, z: 0.9998138, w: 1}
    - {x: 0.0035708505, y: 0.018962445, z: 0.9998138, w: 1}
    - {x: 0.9995664, y: -0.028751105, z: 0.0063657127, w: -1}
    - {x: 0.9995664, y: -0.028751105, z: 0.0063657127, w: -1}
    - {x: 0.9995664, y: -0.028751105, z: 0.0063657127, w: -1}
    - {x: -0.011061214, y: 0.06833535, z: 0.9976011, w: 1}
    - {x: -0.011061214, y: 0.06833535, z: 0.9976011, w: 1}
    - {x: -0.011061214, y: 0.06833535, z: 0.9976011, w: 1}
    - {x: -0.0091236625, y: 0.044413574, z: 0.9989715, w: -1}
    - {x: -0.0091236625, y: 0.044413574, z: 0.9989715, w: -1}
    - {x: -0.0091236625, y: 0.044413574, z: 0.9989715, w: -1}
    - {x: 0.9991919, y: 0.039482374, z: -0.0075313346, w: 1}
    - {x: 0.9991919, y: 0.039482374, z: -0.0075313346, w: 1}
    - {x: 0.9991919, y: 0.039482374, z: -0.0075313346, w: 1}
    - {x: 0.9958212, y: 0.08979566, z: 0.016641038, w: 1}
    - {x: 0.9958212, y: 0.08979566, z: 0.016641038, w: 1}
    - {x: 0.9958212, y: 0.08979566, z: 0.016641038, w: 1}
    - {x: 0.99333996, y: -0.11424695, z: -0.014946948, w: 1}
    - {x: 0.99333996, y: -0.11424695, z: -0.014946948, w: 1}
    - {x: 0.99333996, y: -0.11424695, z: -0.014946948, w: 1}
    - {x: 0.015609644, y: 0.07484119, z: 0.9970733, w: -1}
    - {x: 0.015609644, y: 0.07484119, z: 0.9970733, w: -1}
    - {x: 0.015609644, y: 0.07484119, z: 0.9970733, w: -1}
    - {x: 0.9823118, y: 0.0861367, z: -0.16626512, w: 1}
    - {x: 0.9823118, y: 0.0861367, z: -0.16626512, w: 1}
    - {x: 0.9823118, y: 0.0861367, z: -0.16626512, w: 1}
    - {x: -0.03319363, y: 0.9994209, z: -0.0074871117, w: 1}
    - {x: -0.03319363, y: 0.9994209, z: -0.0074871117, w: 1}
    - {x: -0.03319363, y: 0.9994209, z: -0.0074871117, w: 1}
    - {x: 0.937237, y: 0.23482813, z: 0.25776428, w: -1}
    - {x: 0.937237, y: 0.23482813, z: 0.25776428, w: -1}
    - {x: 0.937237, y: 0.23482813, z: 0.25776428, w: -1}
    - {x: -0.2550073, y: 0.9239237, z: -0.28519544, w: 1}
    - {x: -0.2550073, y: 0.9239237, z: -0.28519544, w: 1}
    - {x: -0.2550073, y: 0.9239237, z: -0.28519544, w: 1}
    - {x: 0.114311226, y: 0.17014581, z: 0.97876626, w: -1}
    - {x: 0.114311226, y: 0.17014581, z: 0.97876626, w: -1}
    - {x: 0.114311226, y: 0.17014581, z: 0.97876626, w: -1}
    - {x: -0.16489771, y: -0.30104095, z: 0.93924606, w: 1}
    - {x: -0.16489771, y: -0.30104095, z: 0.93924606, w: 1}
    - {x: -0.16489771, y: -0.30104095, z: 0.93924606, w: 1}
    - {x: 0.23556837, y: 0.14203148, z: 0.9614232, w: -1}
    - {x: 0.23556837, y: 0.14203148, z: 0.9614232, w: -1}
    - {x: 0.23556837, y: 0.14203148, z: 0.9614232, w: -1}
    - {x: 0.9999316, y: 0.007248384, z: -0.009186977, w: -1}
    - {x: 0.9999316, y: 0.007248384, z: -0.009186977, w: -1}
    - {x: 0.9999316, y: 0.007248384, z: -0.009186977, w: -1}
    - {x: -0.15757382, y: 0.10692745, z: 0.9817011, w: 1}
    - {x: -0.15757382, y: 0.10692745, z: 0.9817011, w: 1}
    - {x: -0.15757382, y: 0.10692745, z: 0.9817011, w: 1}
    - {x: 0.1849412, y: 0.9179826, z: -0.35086265, w: -1}
    - {x: 0.1849412, y: 0.9179826, z: -0.35086265, w: -1}
    - {x: 0.1849412, y: 0.9179826, z: -0.35086265, w: -1}
    - {x: -0.037593927, y: -0.16364114, z: 0.98580337, w: 1}
    - {x: -0.037593927, y: -0.16364114, z: 0.98580337, w: 1}
    - {x: -0.037593927, y: -0.16364114, z: 0.98580337, w: 1}
    - {x: 0.010913774, y: 0.059333406, z: 0.99817854, w: 1}
    - {x: 0.010913774, y: 0.059333406, z: 0.99817854, w: 1}
    - {x: 0.010913774, y: 0.059333406, z: 0.99817854, w: 1}
    - {x: 0.99999565, y: 0.0028998489, z: -0.00058722653, w: -1}
    - {x: 0.99999565, y: 0.0028998489, z: -0.00058722653, w: -1}
    - {x: 0.99999565, y: 0.0028998489, z: -0.00058722653, w: -1}
    - {x: -0.008483607, y: 0.043758444, z: 0.9990061, w: 1}
    - {x: -0.008483607, y: 0.043758444, z: 0.9990061, w: 1}
    - {x: -0.008483607, y: 0.043758444, z: 0.9990061, w: 1}
    - {x: 0.9966751, y: 0.080493204, z: 0.012636971, w: -1}
    - {x: 0.9966751, y: 0.080493204, z: 0.012636971, w: -1}
    - {x: 0.9966751, y: 0.080493204, z: 0.012636971, w: -1}
    - {x: 0.99997807, y: 0.0065329294, z: -0.0011185631, w: 1}
    - {x: 0.99997807, y: 0.0065329294, z: -0.0011185631, w: 1}
    - {x: 0.99997807, y: 0.0065329294, z: -0.0011185631, w: 1}
    - {x: 0.010754642, y: 0.05703086, z: 0.9983145, w: -1}
    - {x: 0.010754642, y: 0.05703086, z: 0.9983145, w: -1}
    - {x: 0.010754642, y: 0.05703086, z: 0.9983145, w: -1}
    - {x: -0.01838278, y: 0.083181486, z: 0.99636483, w: -1}
    - {x: -0.01838278, y: 0.083181486, z: 0.99636483, w: -1}
    - {x: -0.01838278, y: 0.083181486, z: 0.99636483, w: -1}
    - {x: 0.99252003, y: 0.12027616, z: 0.02091815, w: 1}
    - {x: 0.99252003, y: 0.12027616, z: 0.02091815, w: 1}
    - {x: 0.99252003, y: 0.12027616, z: 0.02091815, w: 1}
    - {x: 0.9949853, y: -0.09894883, z: -0.014609613, w: 1}
    - {x: 0.9949853, y: -0.09894883, z: -0.014609613, w: 1}
    - {x: 0.9949853, y: -0.09894883, z: -0.014609613, w: 1}
    - {x: 0.13068265, y: 0.15194434, z: 0.97971165, w: -1}
    - {x: 0.13068265, y: 0.15194434, z: 0.97971165, w: -1}
    - {x: 0.13068265, y: 0.15194434, z: 0.97971165, w: -1}
    - {x: 0.9992523, y: 0.0066281497, z: -0.03809084, w: 1}
    - {x: 0.9992523, y: 0.0066281497, z: -0.03809084, w: 1}
    - {x: 0.9992523, y: 0.0066281497, z: -0.03809084, w: 1}
    - {x: -0.18657053, y: 0.19087175, z: 0.96372163, w: -1}
    - {x: -0.18657053, y: 0.19087175, z: 0.96372163, w: -1}
    - {x: -0.18657053, y: 0.19087175, z: 0.96372163, w: -1}
    - {x: 0.8742647, y: 0.3076739, z: 0.37549707, w: -1}
    - {x: 0.8742647, y: 0.3076739, z: 0.37549707, w: -1}
    - {x: 0.8742647, y: 0.3076739, z: 0.37549707, w: -1}
    - {x: 0.87981737, y: -0.29447007, z: -0.3731069, w: -1}
    - {x: 0.87981737, y: -0.29447007, z: -0.3731069, w: -1}
    - {x: 0.87981737, y: -0.29447007, z: -0.3731069, w: -1}
    - {x: 0.8849886, y: 0.33716217, z: 0.3211181, w: -1}
    - {x: 0.8849886, y: 0.33716217, z: 0.3211181, w: -1}
    - {x: 0.8849886, y: 0.33716217, z: 0.3211181, w: -1}
    - {x: 0.9125313, y: -0.2907091, z: -0.28770602, w: -1}
    - {x: 0.9125313, y: -0.2907091, z: -0.28770602, w: -1}
    - {x: 0.9125313, y: -0.2907091, z: -0.28770602, w: -1}
    - {x: 0.1930625, y: 0.19625275, z: 0.9613593, w: 1}
    - {x: 0.1930625, y: 0.19625275, z: 0.9613593, w: 1}
    - {x: 0.1930625, y: 0.19625275, z: 0.9613593, w: 1}
    - {x: 0.9959203, y: 0.05072574, z: -0.07463036, w: -1}
    - {x: 0.9959203, y: 0.05072574, z: -0.07463036, w: -1}
    - {x: 0.9959203, y: 0.05072574, z: -0.07463036, w: -1}
    - {x: -0.22022362, y: 0.09461173, z: 0.9708502, w: 1}
    - {x: -0.22022362, y: 0.09461173, z: 0.9708502, w: 1}
    - {x: -0.22022362, y: 0.09461173, z: 0.9708502, w: 1}
    - {x: 0.9938782, y: 0.10930196, z: 0.016098786, w: -1}
    - {x: 0.9938782, y: 0.10930196, z: 0.016098786, w: -1}
    - {x: 0.9938782, y: 0.10930196, z: 0.016098786, w: -1}
    - {x: 0.9939711, y: -0.10798619, z: -0.018980613, w: -1}
    - {x: 0.9939711, y: -0.10798619, z: -0.018980613, w: -1}
    - {x: 0.9939711, y: -0.10798619, z: -0.018980613, w: -1}
    - {x: 0.01829375, y: 0.08430595, z: 0.996272, w: 1}
    - {x: 0.01829375, y: 0.08430595, z: 0.996272, w: 1}
    - {x: 0.01829375, y: 0.08430595, z: 0.996272, w: 1}
    - {x: 0.99978626, y: 0.020302637, z: -0.0039022889, w: -1}
    - {x: 0.99978626, y: 0.020302637, z: -0.0039022889, w: -1}
    - {x: 0.99978626, y: 0.020302637, z: -0.0039022889, w: -1}
    - {x: -0.007442121, y: 0.04407199, z: 0.9990006, w: 1}
    - {x: -0.007442121, y: 0.04407199, z: 0.9990006, w: 1}
    - {x: -0.007442121, y: 0.04407199, z: 0.9990006, w: 1}
    - {x: 0.013458826, y: -0.037395865, z: 0.99920994, w: -1}
    - {x: 0.013458826, y: -0.037395865, z: 0.99920994, w: -1}
    - {x: 0.013458826, y: -0.037395865, z: 0.99920994, w: -1}
    - {x: 0.9999958, y: -0.0028480466, z: 0.0005277649, w: 1}
    - {x: 0.9999958, y: -0.0028480466, z: 0.0005277649, w: 1}
    - {x: 0.9999958, y: -0.0028480466, z: 0.0005277649, w: 1}
    - {x: 0.9999927, y: -0.0037413358, z: -0.0007673952, w: 1}
    - {x: 0.9999927, y: -0.0037413358, z: -0.0007673952, w: 1}
    - {x: 0.9999927, y: -0.0037413358, z: -0.0007673952, w: 1}
    - {x: -0.0075307083, y: -0.05222629, z: 0.99860686, w: -1}
    - {x: -0.0075307083, y: -0.05222629, z: 0.99860686, w: -1}
    - {x: -0.0075307083, y: -0.05222629, z: 0.99860686, w: -1}
    - {x: 0.012919031, y: 0.10987209, z: 0.9938618, w: -1}
    - {x: 0.012919031, y: 0.10987209, z: 0.9938618, w: -1}
    - {x: 0.012919031, y: 0.10987209, z: 0.9938618, w: -1}
    - {x: 0.9999005, y: -0.0065008076, z: 0.012517646, w: 1}
    - {x: 0.9999005, y: -0.0065008076, z: 0.012517646, w: 1}
    - {x: 0.9999005, y: -0.0065008076, z: 0.012517646, w: 1}
    - {x: 0.026708597, y: -0.04918189, z: 0.9984327, w: -1}
    - {x: 0.026708597, y: -0.04918189, z: 0.9984327, w: -1}
    - {x: 0.026708597, y: -0.04918189, z: 0.9984327, w: -1}
    - {x: 0.999894, y: -0.009357312, z: -0.011153057, w: -1}
    - {x: 0.999894, y: -0.009357312, z: -0.011153057, w: -1}
    - {x: 0.999894, y: -0.009357312, z: -0.011153057, w: -1}
    - {x: -0.09507796, y: 0.9948473, z: -0.035201307, w: -1}
    - {x: -0.09507796, y: 0.9948473, z: -0.035201307, w: -1}
    - {x: -0.09507796, y: 0.9948473, z: -0.035201307, w: -1}
    - {x: -0.10906256, y: 0.98858386, z: 0.10395765, w: -1}
    - {x: -0.10906256, y: 0.98858386, z: 0.10395765, w: -1}
    - {x: -0.10906256, y: 0.98858386, z: 0.10395765, w: -1}
    - {x: 0.903439, y: -0.34703606, z: -0.251722, w: -1}
    - {x: 0.903439, y: -0.34703606, z: -0.251722, w: -1}
    - {x: 0.903439, y: -0.34703606, z: -0.251722, w: -1}
    - {x: 0.3085813, y: 0.39509824, z: 0.86526006, w: 1}
    - {x: 0.3085813, y: 0.39509824, z: 0.86526006, w: 1}
    - {x: 0.3085813, y: 0.39509824, z: 0.86526006, w: 1}
    - {x: 0.19003482, y: 0.9182714, z: 0.34736776, w: 1}
    - {x: 0.19003482, y: 0.9182714, z: 0.34736776, w: 1}
    - {x: 0.19003482, y: 0.9182714, z: 0.34736776, w: 1}
    - {x: -0.013263138, y: 0.012284506, z: 0.9998366, w: 1}
    - {x: -0.013263138, y: 0.012284506, z: 0.9998366, w: 1}
    - {x: -0.013263138, y: 0.012284506, z: 0.9998366, w: 1}
    - {x: 0.2064417, y: 0.90734196, z: -0.36621368, w: -1}
    - {x: 0.2064417, y: 0.90734196, z: -0.36621368, w: -1}
    - {x: 0.2064417, y: 0.90734196, z: -0.36621368, w: -1}
    - {x: 0.99181664, y: -0.12604064, z: -0.020334404, w: -1}
    - {x: 0.99181664, y: -0.12604064, z: -0.020334404, w: -1}
    - {x: 0.99181664, y: -0.12604064, z: -0.020334404, w: -1}
    - {x: 0.03856185, y: 0.18481888, z: 0.9820158, w: 1}
    - {x: 0.03856185, y: 0.18481888, z: 0.9820158, w: 1}
    - {x: 0.03856185, y: 0.18481888, z: 0.9820158, w: 1}
    - {x: 0.9966863, y: 0.080431916, z: -0.012134678, w: -1}
    - {x: 0.9966863, y: 0.080431916, z: -0.012134678, w: -1}
    - {x: 0.9966863, y: 0.080431916, z: -0.012134678, w: -1}
    - {x: -0.00073369057, y: 0.0041884454, z: 0.999991, w: 1}
    - {x: -0.00073369057, y: 0.0041884454, z: 0.999991, w: 1}
    - {x: -0.00073369057, y: 0.0041884454, z: 0.999991, w: 1}
    - {x: 0.99627477, y: 0.08521242, z: 0.013241158, w: -1}
    - {x: 0.99627477, y: 0.08521242, z: 0.013241158, w: -1}
    - {x: 0.99627477, y: 0.08521242, z: 0.013241158, w: -1}
    - {x: 0.9997522, y: -0.021837639, z: 0.004310425, w: 1}
    - {x: 0.9997522, y: -0.021837639, z: 0.004310425, w: 1}
    - {x: 0.9997522, y: -0.021837639, z: 0.004310425, w: 1}
    - {x: 0.012401827, y: 0.07863741, z: 0.9968262, w: -1}
    - {x: 0.012401827, y: 0.07863741, z: 0.9968262, w: -1}
    - {x: 0.012401827, y: 0.07863741, z: 0.9968262, w: -1}
    - {x: -0.010257872, y: 0.047159046, z: 0.9988347, w: -1}
    - {x: -0.010257872, y: 0.047159046, z: 0.9988347, w: -1}
    - {x: -0.010257872, y: 0.047159046, z: 0.9988347, w: -1}
    - {x: 0.9950196, y: 0.09778532, z: 0.01933978, w: 1}
    - {x: 0.9950196, y: 0.09778532, z: 0.01933978, w: 1}
    - {x: 0.9950196, y: 0.09778532, z: 0.01933978, w: 1}
    - {x: 0.99214536, y: -0.1240817, z: -0.015851432, w: 1}
    - {x: 0.99214536, y: -0.1240817, z: -0.015851432, w: 1}
    - {x: 0.99214536, y: -0.1240817, z: -0.015851432, w: 1}
    - {x: -0.2967282, y: 0.9427684, z: 0.15211894, w: -1}
    - {x: -0.2967282, y: 0.9427684, z: 0.15211894, w: -1}
    - {x: -0.2967282, y: 0.9427684, z: 0.15211894, w: -1}
    - {x: 0.9957886, y: -0.05490778, z: 0.07341808, w: 1}
    - {x: 0.9957886, y: -0.05490778, z: 0.07341808, w: 1}
    - {x: 0.9957886, y: -0.05490778, z: 0.07341808, w: 1}
    - {x: -0.11512555, y: 0.11214886, z: 0.98699987, w: -1}
    - {x: -0.11512555, y: 0.11214886, z: 0.98699987, w: -1}
    - {x: -0.11512555, y: 0.11214886, z: 0.98699987, w: -1}
    - {x: 0.9442929, y: 0.24282031, z: 0.22214688, w: 1}
    - {x: 0.9442929, y: 0.24282031, z: 0.22214688, w: 1}
    - {x: 0.9442929, y: 0.24282031, z: 0.22214688, w: 1}
    - {x: -0.26093453, y: 0.9290492, z: -0.26226065, w: 1}
    - {x: -0.26093453, y: 0.9290492, z: -0.26226065, w: 1}
    - {x: -0.26093453, y: 0.9290492, z: -0.26226065, w: 1}
    - {x: 0.3071835, y: 0.8641888, z: -0.39851728, w: -1}
    - {x: 0.3071835, y: 0.8641888, z: -0.39851728, w: -1}
    - {x: 0.3071835, y: 0.8641888, z: -0.39851728, w: -1}
    - {x: 0.903796, y: -0.3251062, z: -0.27831405, w: -1}
    - {x: 0.903796, y: -0.3251062, z: -0.27831405, w: -1}
    - {x: 0.903796, y: -0.3251062, z: -0.27831405, w: -1}
    - {x: 0.25729007, y: 0.121544875, z: 0.9586599, w: -1}
    - {x: 0.25729007, y: 0.121544875, z: 0.9586599, w: -1}
    - {x: 0.25729007, y: 0.121544875, z: 0.9586599, w: -1}
    - {x: 0.99999505, y: 0.0016728346, z: -0.002660105, w: -1}
    - {x: 0.99999505, y: 0.0016728346, z: -0.002660105, w: -1}
    - {x: 0.99999505, y: 0.0016728346, z: -0.002660105, w: -1}
    - {x: -0.14997613, y: 0.16239099, z: 0.97526217, w: 1}
    - {x: -0.14997613, y: 0.16239099, z: 0.97526217, w: 1}
    - {x: -0.14997613, y: 0.16239099, z: 0.97526217, w: 1}
    - {x: 0.99211395, y: 0.123644546, z: 0.020542959, w: -1}
    - {x: 0.99211395, y: 0.123644546, z: 0.020542959, w: -1}
    - {x: 0.99211395, y: 0.123644546, z: 0.020542959, w: -1}
    - {x: 0.993792, y: -0.1099312, z: -0.017105233, w: -1}
    - {x: 0.993792, y: -0.1099312, z: -0.017105233, w: -1}
    - {x: 0.993792, y: -0.1099312, z: -0.017105233, w: -1}
    - {x: 0.009583987, y: 0.055221464, z: 0.99842817, w: 1}
    - {x: 0.009583987, y: 0.055221464, z: 0.99842817, w: 1}
    - {x: 0.009583987, y: 0.055221464, z: 0.99842817, w: 1}
    - {x: 0.99999976, y: 0.0007136048, z: -0.00014268629, w: -1}
    - {x: 0.99999976, y: 0.0007136048, z: -0.00014268629, w: -1}
    - {x: 0.99999976, y: 0.0007136048, z: -0.00014268629, w: -1}
    - {x: -0.013577046, y: 0.06588765, z: 0.99773467, w: 1}
    - {x: -0.013577046, y: 0.06588765, z: 0.99773467, w: 1}
    - {x: -0.013577046, y: 0.06588765, z: 0.99773467, w: 1}
    - {x: 0.0009278831, y: -0.0047586323, z: 0.99998826, w: -1}
    - {x: 0.0009278831, y: -0.0047586323, z: 0.99998826, w: -1}
    - {x: 0.0009278831, y: -0.0047586323, z: 0.99998826, w: -1}
    - {x: 0.99762744, y: 0.06756642, z: -0.013202387, w: 1}
    - {x: 0.99762744, y: 0.06756642, z: -0.013202387, w: 1}
    - {x: 0.99762744, y: 0.06756642, z: -0.013202387, w: 1}
    - {x: 0.9972619, y: 0.07294678, z: 0.012141582, w: 1}
    - {x: 0.9972619, y: 0.07294678, z: 0.012141582, w: 1}
    - {x: 0.9972619, y: 0.07294678, z: 0.012141582, w: 1}
    - {x: -0.025488956, y: -0.15562871, z: 0.9874867, w: -1}
    - {x: -0.025488956, y: -0.15562871, z: 0.9874867, w: -1}
    - {x: -0.025488956, y: -0.15562871, z: 0.9874867, w: -1}
    - {x: 0.021973865, y: 0.0999978, z: 0.994745, w: -1}
    - {x: 0.021973865, y: 0.0999978, z: 0.994745, w: -1}
    - {x: 0.021973865, y: 0.0999978, z: 0.994745, w: -1}
    - {x: 0.96843666, y: 0.17419356, z: -0.17828912, w: 1}
    - {x: 0.96843666, y: 0.17419356, z: -0.17828912, w: 1}
    - {x: 0.96843666, y: 0.17419356, z: -0.17828912, w: 1}
    - {x: 0.023343885, y: -0.006796529, z: 0.9997044, w: -1}
    - {x: 0.023343885, y: -0.006796529, z: 0.9997044, w: -1}
    - {x: 0.023343885, y: -0.006796529, z: 0.9997044, w: -1}
    - {x: 0.9292972, y: 0.17543563, z: 0.32500628, w: -1}
    - {x: 0.9292972, y: 0.17543563, z: 0.32500628, w: -1}
    - {x: 0.9292972, y: 0.17543563, z: 0.32500628, w: -1}
    - {x: -0.40726975, y: 0.81987756, z: -0.40240788, w: -1}
    - {x: -0.40726975, y: 0.81987756, z: -0.40240788, w: -1}
    - {x: -0.40726975, y: 0.81987756, z: -0.40240788, w: -1}
    - {x: 0.23509003, y: 0.22648704, z: 0.9452176, w: 1}
    - {x: 0.23509003, y: 0.22648704, z: 0.9452176, w: 1}
    - {x: 0.23509003, y: 0.22648704, z: 0.9452176, w: 1}
    - {x: -0.22767042, y: -0.23462439, z: 0.945049, w: 1}
    - {x: -0.22767042, y: -0.23462439, z: 0.945049, w: 1}
    - {x: -0.22767042, y: -0.23462439, z: 0.945049, w: 1}
    - {x: 0.3491198, y: 0.27412504, z: 0.8960864, w: -1}
    - {x: 0.3491198, y: 0.27412504, z: 0.8960864, w: -1}
    - {x: 0.3491198, y: 0.27412504, z: 0.8960864, w: -1}
    - {x: 0.97963184, y: 0.09911405, z: -0.17463636, w: -1}
    - {x: 0.97963184, y: 0.09911405, z: -0.17463636, w: -1}
    - {x: 0.97963184, y: 0.09911405, z: -0.17463636, w: -1}
    - {x: -0.12151124, y: 0.0821964, z: 0.9891808, w: 1}
    - {x: -0.12151124, y: 0.0821964, z: 0.9891808, w: 1}
    - {x: -0.12151124, y: 0.0821964, z: 0.9891808, w: 1}
    - {x: 0.9565423, y: 0.20262206, z: 0.20969266, w: 1}
    - {x: 0.9565423, y: 0.20262206, z: 0.20969266, w: 1}
    - {x: 0.9565423, y: 0.20262206, z: 0.20969266, w: 1}
    - {x: -0.014894877, y: -0.08455757, z: 0.99630725, w: 1}
    - {x: -0.014894877, y: -0.08455757, z: 0.99630725, w: 1}
    - {x: -0.014894877, y: -0.08455757, z: 0.99630725, w: 1}
    - {x: 0.013120255, y: 0.08976057, z: 0.99587697, w: 1}
    - {x: 0.013120255, y: 0.08976057, z: 0.99587697, w: 1}
    - {x: 0.013120255, y: 0.08976057, z: 0.99587697, w: 1}
    - {x: 0.99901325, y: 0.043617487, z: -0.008378251, w: -1}
    - {x: 0.99901325, y: 0.043617487, z: -0.008378251, w: -1}
    - {x: 0.99901325, y: 0.043617487, z: -0.008378251, w: -1}
    - {x: -0.012986064, y: 0.046409495, z: 0.99883807, w: 1}
    - {x: -0.012986064, y: 0.046409495, z: 0.99883807, w: 1}
    - {x: -0.012986064, y: 0.046409495, z: 0.99883807, w: 1}
    - {x: 0.9958261, y: 0.08911213, z: 0.019734014, w: -1}
    - {x: 0.9958261, y: 0.08911213, z: 0.019734014, w: -1}
    - {x: 0.9958261, y: 0.08911213, z: 0.019734014, w: -1}
    - {x: 0.9987651, y: 0.048634674, z: -0.010144018, w: 1}
    - {x: 0.9987651, y: 0.048634674, z: -0.010144018, w: 1}
    - {x: 0.9987651, y: 0.048634674, z: -0.010144018, w: 1}
    - {x: 0.02261307, y: 0.0826179, z: 0.9963247, w: -1}
    - {x: 0.02261307, y: 0.0826179, z: 0.9963247, w: -1}
    - {x: 0.02261307, y: 0.0826179, z: 0.9963247, w: -1}
    - {x: 0.0016561717, y: -0.007775606, z: 0.9999684, w: -1}
    - {x: 0.0016561717, y: -0.007775606, z: 0.9999684, w: -1}
    - {x: 0.0016561717, y: -0.007775606, z: 0.9999684, w: -1}
    - {x: 0.99537444, y: 0.09497245, z: 0.014488514, w: 1}
    - {x: 0.99537444, y: 0.09497245, z: 0.014488514, w: 1}
    - {x: 0.99537444, y: 0.09497245, z: 0.014488514, w: 1}
    - {x: 0.9884944, y: -0.14924803, z: -0.024572492, w: 1}
    - {x: 0.9884944, y: -0.14924803, z: -0.024572492, w: 1}
    - {x: 0.9884944, y: -0.14924803, z: -0.024572492, w: 1}
    - {x: 0.19517967, y: 0.15322885, z: 0.96872383, w: 1}
    - {x: 0.19517967, y: 0.15322885, z: 0.96872383, w: 1}
    - {x: 0.19517967, y: 0.15322885, z: 0.96872383, w: 1}
    - {x: 0.9859322, y: 0.120032474, z: -0.116318636, w: 1}
    - {x: 0.9859322, y: 0.120032474, z: -0.116318636, w: 1}
    - {x: 0.9859322, y: 0.120032474, z: -0.116318636, w: 1}
    - {x: 0.029447801, y: -0.015999816, z: 0.9994383, w: -1}
    - {x: 0.029447801, y: -0.015999816, z: 0.9994383, w: -1}
    - {x: 0.029447801, y: -0.015999816, z: 0.9994383, w: -1}
    - {x: 0.24203156, y: 0.8935287, z: -0.3781893, w: 1}
    - {x: 0.24203156, y: 0.8935287, z: -0.3781893, w: 1}
    - {x: 0.24203156, y: 0.8935287, z: -0.3781893, w: 1}
    - {x: -0.32459316, y: 0.8808411, z: -0.34461337, w: 1}
    - {x: -0.32459316, y: 0.8808411, z: -0.34461337, w: 1}
    - {x: -0.32459316, y: 0.8808411, z: -0.34461337, w: 1}
    - {x: 0.9060647, y: 0.31164977, z: 0.28621885, w: -1}
    - {x: 0.9060647, y: 0.31164977, z: 0.28621885, w: -1}
    - {x: 0.9060647, y: 0.31164977, z: 0.28621885, w: -1}
    - {x: -0.29223254, y: -0.2854709, z: 0.9127467, w: -1}
    - {x: -0.29223254, y: -0.2854709, z: 0.9127467, w: -1}
    - {x: -0.29223254, y: -0.2854709, z: 0.9127467, w: -1}
    - {x: -0.33073425, y: 0.92993116, z: 0.16075748, w: 1}
    - {x: -0.33073425, y: 0.92993116, z: 0.16075748, w: 1}
    - {x: -0.33073425, y: 0.92993116, z: 0.16075748, w: 1}
    - {x: 0.99546623, y: 0.04775469, z: -0.08225873, w: -1}
    - {x: 0.99546623, y: 0.04775469, z: -0.08225873, w: -1}
    - {x: 0.99546623, y: 0.04775469, z: -0.08225873, w: -1}
    - {x: -0.1918038, y: 0.13399671, z: 0.9722429, w: 1}
    - {x: -0.1918038, y: 0.13399671, z: 0.9722429, w: 1}
    - {x: -0.1918038, y: 0.13399671, z: 0.9722429, w: 1}
    - {x: 0.9903908, y: 0.13543905, z: 0.027971154, w: -1}
    - {x: 0.9903908, y: 0.13543905, z: 0.027971154, w: -1}
    - {x: 0.9903908, y: 0.13543905, z: 0.027971154, w: -1}
    - {x: -0.020672144, y: -0.111460514, z: 0.9935538, w: 1}
    - {x: -0.020672144, y: -0.111460514, z: 0.9935538, w: 1}
    - {x: -0.020672144, y: -0.111460514, z: 0.9935538, w: 1}
    - {x: 0.015190494, y: 0.08441291, z: 0.99631506, w: 1}
    - {x: 0.015190494, y: 0.08441291, z: 0.99631506, w: 1}
    - {x: 0.015190494, y: 0.08441291, z: 0.99631506, w: 1}
    - {x: 0.9998017, y: 0.019585103, z: -0.0035889044, w: -1}
    - {x: 0.9998017, y: 0.019585103, z: -0.0035889044, w: -1}
    - {x: 0.9998017, y: 0.019585103, z: -0.0035889044, w: -1}
    - {x: -0.018288288, y: 0.07085171, z: 0.99731916, w: 1}
    - {x: -0.018288288, y: 0.07085171, z: 0.99731916, w: 1}
    - {x: -0.018288288, y: 0.07085171, z: 0.99731916, w: 1}
    uv0:
    - {x: 0, y: 0, z: 0, w: 0}
    - {x: 0, y: 0, z: 0, w: 0}
    - {x: 0, y: 0, z: 0, w: 0}
    - {x: 0, y: 0, z: 0, w: 0}
    - {x: 0, y: 0, z: 0, w: 0}
    - {x: 0, y: 0, z: 0, w: 0}
    - {x: 0, y: 0, z: 0, w: 0}
    - {x: 0, y: 0, z: 0, w: 0}
    - {x: 0, y: 0, z: 0, w: 0}
    - {x: 0, y: 0, z: 0, w: 0}
    - {x: 0, y: 0, z: 0, w: 0}
    - {x: 0, y: 0, z: 0, w: 0}
    - {x: 0, y: 0, z: 0, w: 0}
    - {x: 0, y: 0, z: 0, w: 0}
    - {x: 0, y: 0, z: 0, w: 0}
    - {x: 0, y: 0, z: 0, w: 0}
    - {x: 0, y: 0, z: 0, w: 0}
    - {x: 0, y: 0, z: 0, w: 0}
    - {x: 0, y: 0, z: 0, w: 0}
    - {x: 0, y: 0, z: 0, w: 0}
    - {x: 0, y: 0, z: 0, w: 0}
    - {x: 0, y: 0, z: 0, w: 0}
    - {x: 0, y: 0, z: 0, w: 0}
    - {x: 0, y: 0, z: 0, w: 0}
    - {x: 0, y: 0, z: 0, w: 0}
    - {x: 0, y: 0, z: 0, w: 0}
    - {x: 0, y: 0, z: 0, w: 0}
    - {x: 0, y: 0, z: 0, w: 0}
    - {x: 0, y: 0, z: 0, w: 0}
    - {x: 0, y: 0, z: 0, w: 0}
    - {x: 0, y: 0, z: 0, w: 0}
    - {x: 0, y: 0, z: 0, w: 0}
    - {x: 0, y: 0, z: 0, w: 0}
    - {x: 0, y: 0, z: 0, w: 0}
    - {x: 0, y: 0, z: 0, w: 0}
    - {x: 0, y: 0, z: 0, w: 0}
    - {x: 0, y: 0, z: 0, w: 0}
    - {x: 0, y: 0, z: 0, w: 0}
    - {x: 0, y: 0, z: 0, w: 0}
    - {x: 0, y: 0, z: 0, w: 0}
    - {x: 0, y: 0, z: 0, w: 0}
    - {x: 0, y: 0, z: 0, w: 0}
    - {x: 0, y: 0, z: 0, w: 0}
    - {x: 0, y: 0, z: 0, w: 0}
    - {x: 0, y: 0, z: 0, w: 0}
    - {x: 0, y: 0, z: 0, w: 0}
    - {x: 0, y: 0, z: 0, w: 0}
    - {x: 0, y: 0, z: 0, w: 0}
    - {x: 0, y: 0, z: 0, w: 0}
    - {x: 0, y: 0, z: 0, w: 0}
    - {x: 0, y: 0, z: 0, w: 0}
    - {x: 0, y: 0, z: 0, w: 0}
    - {x: 0, y: 0, z: 0, w: 0}
    - {x: 0, y: 0, z: 0, w: 0}
    - {x: 0, y: 0, z: 0, w: 0}
    - {x: 0, y: 0, z: 0, w: 0}
    - {x: 0, y: 0, z: 0, w: 0}
    - {x: 0, y: 0, z: 0, w: 0}
    - {x: 0, y: 0, z: 0, w: 0}
    - {x: 0, y: 0, z: 0, w: 0}
    - {x: 0, y: 0, z: 0, w: 0}
    - {x: 0, y: 0, z: 0, w: 0}
    - {x: 0, y: 0, z: 0, w: 0}
    - {x: 0, y: 0, z: 0, w: 0}
    - {x: 0, y: 0, z: 0, w: 0}
    - {x: 0, y: 0, z: 0, w: 0}
    - {x: 0, y: 0, z: 0, w: 0}
    - {x: 0, y: 0, z: 0, w: 0}
    - {x: 0, y: 0, z: 0, w: 0}
    - {x: 0, y: 0, z: 0, w: 0}
    - {x: 0, y: 0, z: 0, w: 0}
    - {x: 0, y: 0, z: 0, w: 0}
    - {x: 0, y: 0, z: 0, w: 0}
    - {x: 0, y: 0, z: 0, w: 0}
    - {x: 0, y: 0, z: 0, w: 0}
    - {x: 0, y: 0, z: 0, w: 0}
    - {x: 0, y: 0, z: 0, w: 0}
    - {x: 0, y: 0, z: 0, w: 0}
    - {x: 0, y: 0, z: 0, w: 0}
    - {x: 0, y: 0, z: 0, w: 0}
    - {x: 0, y: 0, z: 0, w: 0}
    - {x: 0, y: 0, z: 0, w: 0}
    - {x: 0, y: 0, z: 0, w: 0}
    - {x: 0, y: 0, z: 0, w: 0}
    - {x: 0, y: 0, z: 0, w: 0}
    - {x: 0, y: 0, z: 0, w: 0}
    - {x: 0, y: 0, z: 0, w: 0}
    - {x: 0, y: 0, z: 0, w: 0}
    - {x: 0, y: 0, z: 0, w: 0}
    - {x: 0, y: 0, z: 0, w: 0}
    - {x: 0, y: 0, z: 0, w: 0}
    - {x: 0, y: 0, z: 0, w: 0}
    - {x: 0, y: 0, z: 0, w: 0}
    - {x: 0, y: 0, z: 0, w: 0}
    - {x: 0, y: 0, z: 0, w: 0}
    - {x: 0, y: 0, z: 0, w: 0}
    - {x: 0, y: 0, z: 0, w: 0}
    - {x: 0, y: 0, z: 0, w: 0}
    - {x: 0, y: 0, z: 0, w: 0}
    - {x: 0, y: 0, z: 0, w: 0}
    - {x: 0, y: 0, z: 0, w: 0}
    - {x: 0, y: 0, z: 0, w: 0}
    - {x: 0, y: 0, z: 0, w: 0}
    - {x: 0, y: 0, z: 0, w: 0}
    - {x: 0, y: 0, z: 0, w: 0}
    - {x: 0, y: 0, z: 0, w: 0}
    - {x: 0, y: 0, z: 0, w: 0}
    - {x: 0, y: 0, z: 0, w: 0}
    - {x: 0, y: 0, z: 0, w: 0}
    - {x: 0, y: 0, z: 0, w: 0}
    - {x: 0, y: 0, z: 0, w: 0}
    - {x: 0, y: 0, z: 0, w: 0}
    - {x: 0, y: 0, z: 0, w: 0}
    - {x: 0, y: 0, z: 0, w: 0}
    - {x: 0, y: 0, z: 0, w: 0}
    - {x: 0, y: 0, z: 0, w: 0}
    - {x: 0, y: 0, z: 0, w: 0}
    - {x: 0, y: 0, z: 0, w: 0}
    - {x: 0, y: 0, z: 0, w: 0}
    - {x: 0, y: 0, z: 0, w: 0}
    - {x: 0, y: 0, z: 0, w: 0}
    - {x: 0, y: 0, z: 0, w: 0}
    - {x: 0, y: 0, z: 0, w: 0}
    - {x: 0, y: 0, z: 0, w: 0}
    - {x: 0, y: 0, z: 0, w: 0}
    - {x: 0, y: 0, z: 0, w: 0}
    - {x: 0, y: 0, z: 0, w: 0}
    - {x: 0, y: 0, z: 0, w: 0}
    - {x: 0, y: 0, z: 0, w: 0}
    - {x: 0, y: 0, z: 0, w: 0}
    - {x: 0, y: 0, z: 0, w: 0}
    - {x: 0, y: 0, z: 0, w: 0}
    - {x: 0, y: 0, z: 0, w: 0}
    - {x: 0, y: 0, z: 0, w: 0}
    - {x: 0, y: 0, z: 0, w: 0}
    - {x: 0, y: 0, z: 0, w: 0}
    - {x: 0, y: 0, z: 0, w: 0}
    - {x: 0, y: 0, z: 0, w: 0}
    - {x: 0, y: 0, z: 0, w: 0}
    - {x: 0, y: 0, z: 0, w: 0}
    - {x: 0, y: 0, z: 0, w: 0}
    - {x: 0, y: 0, z: 0, w: 0}
    - {x: 0, y: 0, z: 0, w: 0}
    - {x: 0, y: 0, z: 0, w: 0}
    - {x: 0, y: 0, z: 0, w: 0}
    - {x: 0, y: 0, z: 0, w: 0}
    - {x: 0, y: 0, z: 0, w: 0}
    - {x: 0, y: 0, z: 0, w: 0}
    - {x: 0, y: 0, z: 0, w: 0}
    - {x: 0, y: 0, z: 0, w: 0}
    - {x: 0, y: 0, z: 0, w: 0}
    - {x: 0, y: 0, z: 0, w: 0}
    - {x: 0, y: 0, z: 0, w: 0}
    - {x: 0, y: 0, z: 0, w: 0}
    - {x: 0, y: 0, z: 0, w: 0}
    - {x: 0, y: 0, z: 0, w: 0}
    - {x: 0, y: 0, z: 0, w: 0}
    - {x: 0, y: 0, z: 0, w: 0}
    - {x: 0, y: 0, z: 0, w: 0}
    - {x: 0, y: 0, z: 0, w: 0}
    - {x: 0, y: 0, z: 0, w: 0}
    - {x: 0, y: 0, z: 0, w: 0}
    - {x: 0, y: 0, z: 0, w: 0}
    - {x: 0, y: 0, z: 0, w: 0}
    - {x: 0, y: 0, z: 0, w: 0}
    - {x: 0, y: 0, z: 0, w: 0}
    - {x: 0, y: 0, z: 0, w: 0}
    - {x: 0, y: 0, z: 0, w: 0}
    - {x: 0, y: 0, z: 0, w: 0}
    - {x: 0, y: 0, z: 0, w: 0}
    - {x: 0, y: 0, z: 0, w: 0}
    - {x: 0, y: 0, z: 0, w: 0}
    - {x: 0, y: 0, z: 0, w: 0}
    - {x: 0, y: 0, z: 0, w: 0}
    - {x: 0, y: 0, z: 0, w: 0}
    - {x: 0, y: 0, z: 0, w: 0}
    - {x: 0, y: 0, z: 0, w: 0}
    - {x: 0, y: 0, z: 0, w: 0}
    - {x: 0, y: 0, z: 0, w: 0}
    - {x: 0, y: 0, z: 0, w: 0}
    - {x: 0, y: 0, z: 0, w: 0}
    - {x: 0, y: 0, z: 0, w: 0}
    - {x: 0, y: 0, z: 0, w: 0}
    - {x: 0, y: 0, z: 0, w: 0}
    - {x: 0, y: 0, z: 0, w: 0}
    - {x: 0, y: 0, z: 0, w: 0}
    - {x: 0, y: 0, z: 0, w: 0}
    - {x: 0, y: 0, z: 0, w: 0}
    - {x: 0, y: 0, z: 0, w: 0}
    - {x: 0, y: 0, z: 0, w: 0}
    - {x: 0, y: 0, z: 0, w: 0}
    - {x: 0, y: 0, z: 0, w: 0}
    - {x: 0, y: 0, z: 0, w: 0}
    - {x: 0, y: 0, z: 0, w: 0}
    - {x: 0, y: 0, z: 0, w: 0}
    - {x: 0, y: 0, z: 0, w: 0}
    - {x: 0, y: 0, z: 0, w: 0}
    - {x: 0, y: 0, z: 0, w: 0}
    - {x: 0, y: 0, z: 0, w: 0}
    - {x: 0, y: 0, z: 0, w: 0}
    - {x: 0, y: 0, z: 0, w: 0}
    - {x: 0, y: 0, z: 0, w: 0}
    - {x: 0, y: 0, z: 0, w: 0}
    - {x: 0, y: 0, z: 0, w: 0}
    - {x: 0, y: 0, z: 0, w: 0}
    - {x: 0, y: 0, z: 0, w: 0}
    - {x: 0, y: 0, z: 0, w: 0}
    - {x: 0, y: 0, z: 0, w: 0}
    - {x: 0, y: 0, z: 0, w: 0}
    - {x: 0, y: 0, z: 0, w: 0}
    - {x: 0, y: 0, z: 0, w: 0}
    - {x: 0, y: 0, z: 0, w: 0}
    - {x: 0, y: 0, z: 0, w: 0}
    - {x: 0, y: 0, z: 0, w: 0}
    - {x: 0, y: 0, z: 0, w: 0}
    - {x: 0, y: 0, z: 0, w: 0}
    - {x: 0, y: 0, z: 0, w: 0}
    - {x: 0, y: 0, z: 0, w: 0}
    - {x: 0, y: 0, z: 0, w: 0}
    - {x: 0, y: 0, z: 0, w: 0}
    - {x: 0, y: 0, z: 0, w: 0}
    - {x: 0, y: 0, z: 0, w: 0}
    - {x: 0, y: 0, z: 0, w: 0}
    - {x: 0, y: 0, z: 0, w: 0}
    - {x: 0, y: 0, z: 0, w: 0}
    - {x: 0, y: 0, z: 0, w: 0}
    - {x: 0, y: 0, z: 0, w: 0}
    - {x: 0, y: 0, z: 0, w: 0}
    - {x: 0, y: 0, z: 0, w: 0}
    - {x: 0, y: 0, z: 0, w: 0}
    - {x: 0, y: 0, z: 0, w: 0}
    - {x: 0, y: 0, z: 0, w: 0}
    - {x: 0, y: 0, z: 0, w: 0}
    - {x: 0, y: 0, z: 0, w: 0}
    - {x: 0, y: 0, z: 0, w: 0}
    - {x: 0, y: 0, z: 0, w: 0}
    - {x: 0, y: 0, z: 0, w: 0}
    - {x: 0, y: 0, z: 0, w: 0}
    - {x: 0, y: 0, z: 0, w: 0}
    - {x: 0, y: 0, z: 0, w: 0}
    - {x: 0, y: 0, z: 0, w: 0}
    - {x: 0, y: 0, z: 0, w: 0}
    - {x: 0, y: 0, z: 0, w: 0}
    - {x: 0, y: 0, z: 0, w: 0}
    - {x: 0, y: 0, z: 0, w: 0}
    - {x: 0, y: 0, z: 0, w: 0}
    - {x: 0, y: 0, z: 0, w: 0}
    - {x: 0, y: 0, z: 0, w: 0}
    - {x: 0, y: 0, z: 0, w: 0}
    - {x: 0, y: 0, z: 0, w: 0}
    - {x: 0, y: 0, z: 0, w: 0}
    - {x: 0, y: 0, z: 0, w: 0}
    - {x: 0, y: 0, z: 0, w: 0}
    - {x: 0, y: 0, z: 0, w: 0}
    - {x: 0, y: 0, z: 0, w: 0}
    - {x: 0, y: 0, z: 0, w: 0}
    - {x: 0, y: 0, z: 0, w: 0}
    - {x: 0, y: 0, z: 0, w: 0}
    - {x: 0, y: 0, z: 0, w: 0}
    - {x: 0, y: 0, z: 0, w: 0}
    - {x: 0, y: 0, z: 0, w: 0}
    - {x: 0, y: 0, z: 0, w: 0}
    - {x: 0, y: 0, z: 0, w: 0}
    - {x: 0, y: 0, z: 0, w: 0}
    - {x: 0, y: 0, z: 0, w: 0}
    - {x: 0, y: 0, z: 0, w: 0}
    - {x: 0, y: 0, z: 0, w: 0}
    - {x: 0, y: 0, z: 0, w: 0}
    - {x: 0, y: 0, z: 0, w: 0}
    - {x: 0, y: 0, z: 0, w: 0}
    - {x: 0, y: 0, z: 0, w: 0}
    - {x: 0, y: 0, z: 0, w: 0}
    - {x: 0, y: 0, z: 0, w: 0}
    - {x: 0, y: 0, z: 0, w: 0}
    - {x: 0, y: 0, z: 0, w: 0}
    - {x: 0, y: 0, z: 0, w: 0}
    - {x: 0, y: 0, z: 0, w: 0}
    - {x: 0, y: 0, z: 0, w: 0}
    - {x: 0, y: 0, z: 0, w: 0}
    - {x: 0, y: 0, z: 0, w: 0}
    - {x: 0, y: 0, z: 0, w: 0}
    - {x: 0, y: 0, z: 0, w: 0}
    - {x: 0, y: 0, z: 0, w: 0}
    - {x: 0, y: 0, z: 0, w: 0}
    - {x: 0, y: 0, z: 0, w: 0}
    - {x: 0, y: 0, z: 0, w: 0}
    - {x: 0, y: 0, z: 0, w: 0}
    - {x: 0, y: 0, z: 0, w: 0}
    - {x: 0, y: 0, z: 0, w: 0}
    - {x: 0, y: 0, z: 0, w: 0}
    - {x: 0, y: 0, z: 0, w: 0}
    - {x: 0, y: 0, z: 0, w: 0}
    - {x: 0, y: 0, z: 0, w: 0}
    - {x: 0, y: 0, z: 0, w: 0}
    - {x: 0, y: 0, z: 0, w: 0}
    - {x: 0, y: 0, z: 0, w: 0}
    - {x: 0, y: 0, z: 0, w: 0}
    - {x: 0, y: 0, z: 0, w: 0}
    - {x: 0, y: 0, z: 0, w: 0}
    - {x: 0, y: 0, z: 0, w: 0}
    - {x: 0, y: 0, z: 0, w: 0}
    - {x: 0, y: 0, z: 0, w: 0}
    - {x: 0, y: 0, z: 0, w: 0}
    - {x: 0, y: 0, z: 0, w: 0}
    - {x: 0, y: 0, z: 0, w: 0}
    - {x: 0, y: 0, z: 0, w: 0}
    - {x: 0, y: 0, z: 0, w: 0}
    - {x: 0, y: 0, z: 0, w: 0}
    - {x: 0, y: 0, z: 0, w: 0}
    - {x: 0, y: 0, z: 0, w: 0}
    - {x: 0, y: 0, z: 0, w: 0}
    - {x: 0, y: 0, z: 0, w: 0}
    - {x: 0, y: 0, z: 0, w: 0}
    - {x: 0, y: 0, z: 0, w: 0}
    - {x: 0, y: 0, z: 0, w: 0}
    - {x: 0, y: 0, z: 0, w: 0}
    - {x: 0, y: 0, z: 0, w: 0}
    - {x: 0, y: 0, z: 0, w: 0}
    - {x: 0, y: 0, z: 0, w: 0}
    - {x: 0, y: 0, z: 0, w: 0}
    - {x: 0, y: 0, z: 0, w: 0}
    - {x: 0, y: 0, z: 0, w: 0}
    - {x: 0, y: 0, z: 0, w: 0}
    - {x: 0, y: 0, z: 0, w: 0}
    - {x: 0, y: 0, z: 0, w: 0}
    - {x: 0, y: 0, z: 0, w: 0}
    - {x: 0, y: 0, z: 0, w: 0}
    - {x: 0, y: 0, z: 0, w: 0}
    - {x: 0, y: 0, z: 0, w: 0}
    - {x: 0, y: 0, z: 0, w: 0}
    - {x: 0, y: 0, z: 0, w: 0}
    - {x: 0, y: 0, z: 0, w: 0}
    - {x: 0, y: 0, z: 0, w: 0}
    - {x: 0, y: 0, z: 0, w: 0}
    - {x: 0, y: 0, z: 0, w: 0}
    - {x: 0, y: 0, z: 0, w: 0}
    - {x: 0, y: 0, z: 0, w: 0}
    - {x: 0, y: 0, z: 0, w: 0}
    - {x: 0, y: 0, z: 0, w: 0}
    - {x: 0, y: 0, z: 0, w: 0}
    - {x: 0, y: 0, z: 0, w: 0}
    - {x: 0, y: 0, z: 0, w: 0}
    - {x: 0, y: 0, z: 0, w: 0}
    - {x: 0, y: 0, z: 0, w: 0}
    - {x: 0, y: 0, z: 0, w: 0}
    - {x: 0, y: 0, z: 0, w: 0}
    - {x: 0, y: 0, z: 0, w: 0}
    - {x: 0, y: 0, z: 0, w: 0}
    - {x: 0, y: 0, z: 0, w: 0}
    - {x: 0, y: 0, z: 0, w: 0}
    - {x: 0, y: 0, z: 0, w: 0}
    - {x: 0, y: 0, z: 0, w: 0}
    - {x: 0, y: 0, z: 0, w: 0}
    - {x: 0, y: 0, z: 0, w: 0}
    - {x: 0, y: 0, z: 0, w: 0}
    - {x: 0, y: 0, z: 0, w: 0}
    - {x: 0, y: 0, z: 0, w: 0}
    - {x: 0, y: 0, z: 0, w: 0}
    - {x: 0, y: 0, z: 0, w: 0}
    - {x: 0, y: 0, z: 0, w: 0}
    - {x: 0, y: 0, z: 0, w: 0}
    - {x: 0, y: 0, z: 0, w: 0}
    - {x: 0, y: 0, z: 0, w: 0}
    - {x: 0, y: 0, z: 0, w: 0}
    - {x: 0, y: 0, z: 0, w: 0}
    - {x: 0, y: 0, z: 0, w: 0}
    - {x: 0, y: 0, z: 0, w: 0}
    - {x: 0, y: 0, z: 0, w: 0}
    - {x: 0, y: 0, z: 0, w: 0}
    - {x: 0, y: 0, z: 0, w: 0}
    - {x: 0, y: 0, z: 0, w: 0}
    - {x: 0, y: 0, z: 0, w: 0}
    - {x: 0, y: 0, z: 0, w: 0}
    - {x: 0, y: 0, z: 0, w: 0}
    - {x: 0, y: 0, z: 0, w: 0}
    - {x: 0, y: 0, z: 0, w: 0}
    - {x: 0, y: 0, z: 0, w: 0}
    - {x: 0, y: 0, z: 0, w: 0}
    - {x: 0, y: 0, z: 0, w: 0}
    - {x: 0, y: 0, z: 0, w: 0}
    - {x: 0, y: 0, z: 0, w: 0}
    - {x: 0, y: 0, z: 0, w: 0}
    - {x: 0, y: 0, z: 0, w: 0}
    - {x: 0, y: 0, z: 0, w: 0}
    - {x: 0, y: 0, z: 0, w: 0}
    - {x: 0, y: 0, z: 0, w: 0}
    - {x: 0, y: 0, z: 0, w: 0}
    - {x: 0, y: 0, z: 0, w: 0}
    - {x: 0, y: 0, z: 0, w: 0}
    - {x: 0, y: 0, z: 0, w: 0}
    - {x: 0, y: 0, z: 0, w: 0}
    - {x: 0, y: 0, z: 0, w: 0}
    - {x: 0, y: 0, z: 0, w: 0}
    - {x: 0, y: 0, z: 0, w: 0}
    - {x: 0, y: 0, z: 0, w: 0}
    - {x: 0, y: 0, z: 0, w: 0}
    - {x: 0, y: 0, z: 0, w: 0}
    - {x: 0, y: 0, z: 0, w: 0}
    - {x: 0, y: 0, z: 0, w: 0}
    - {x: 0, y: 0, z: 0, w: 0}
    - {x: 0, y: 0, z: 0, w: 0}
    - {x: 0, y: 0, z: 0, w: 0}
    - {x: 0, y: 0, z: 0, w: 0}
    - {x: 0, y: 0, z: 0, w: 0}
    - {x: 0, y: 0, z: 0, w: 0}
    - {x: 0, y: 0, z: 0, w: 0}
    - {x: 0, y: 0, z: 0, w: 0}
    - {x: 0, y: 0, z: 0, w: 0}
    - {x: 0, y: 0, z: 0, w: 0}
    - {x: 0, y: 0, z: 0, w: 0}
    - {x: 0, y: 0, z: 0, w: 0}
    - {x: 0, y: 0, z: 0, w: 0}
    - {x: 0, y: 0, z: 0, w: 0}
    - {x: 0, y: 0, z: 0, w: 0}
    - {x: 0, y: 0, z: 0, w: 0}
    - {x: 0, y: 0, z: 0, w: 0}
    - {x: 0, y: 0, z: 0, w: 0}
    - {x: 0, y: 0, z: 0, w: 0}
    - {x: 0, y: 0, z: 0, w: 0}
    - {x: 0, y: 0, z: 0, w: 0}
    - {x: 0, y: 0, z: 0, w: 0}
    - {x: 0, y: 0, z: 0, w: 0}
    - {x: 0, y: 0, z: 0, w: 0}
    - {x: 0, y: 0, z: 0, w: 0}
    - {x: 0, y: 0, z: 0, w: 0}
    - {x: 0, y: 0, z: 0, w: 0}
    - {x: 0, y: 0, z: 0, w: 0}
    - {x: 0, y: 0, z: 0, w: 0}
    - {x: 0, y: 0, z: 0, w: 0}
    - {x: 0, y: 0, z: 0, w: 0}
    - {x: 0, y: 0, z: 0, w: 0}
    - {x: 0, y: 0, z: 0, w: 0}
    - {x: 0, y: 0, z: 0, w: 0}
    - {x: 0, y: 0, z: 0, w: 0}
    - {x: 0, y: 0, z: 0, w: 0}
    - {x: 0, y: 0, z: 0, w: 0}
    - {x: 0, y: 0, z: 0, w: 0}
    - {x: 0, y: 0, z: 0, w: 0}
    - {x: 0, y: 0, z: 0, w: 0}
    - {x: 0, y: 0, z: 0, w: 0}
    - {x: 0, y: 0, z: 0, w: 0}
    - {x: 0, y: 0, z: 0, w: 0}
    - {x: 0, y: 0, z: 0, w: 0}
    - {x: 0, y: 0, z: 0, w: 0}
    uv1: []
    uv2: []
    uv3: []
    m_Triangles: 00000000010000000200000000000000020000000300000004000000050000000600000004000000060000000700000008000000090000000a000000080000000a0000000b0000000c0000000d0000000e0000000c0000000e0000000f00000010000000110000001200000010000000120000001300000014000000150000001600000014000000160000001700000018000000190000001a0000001b0000001c0000001d0000001e0000001f000000200000002100000022000000230000002400000025000000260000002700000028000000290000002a0000002b0000002c0000002d0000002e0000002f000000300000003100000032000000330000003400000035000000360000003700000038000000390000003a0000003b0000003c0000003d0000003e0000003f000000400000004100000042000000430000004400000045000000460000004700000048000000490000004a0000004b0000004c0000004d0000004e0000004f000000500000005100000052000000530000005400000055000000560000005700000058000000590000005a0000005b0000005c0000005d0000005e0000005f000000600000006100000062000000630000006400000065000000660000006700000068000000690000006a0000006b0000006c0000006d0000006e0000006f000000700000007100000072000000730000007400000075000000760000007700000078000000790000007a0000007b0000007c0000007d0000007e0000007f000000800000008100000082000000830000008400000085000000860000008700000088000000890000008a0000008b0000008c0000008d0000008e0000008f000000900000009100000092000000930000009400000095000000960000009700000098000000990000009a0000009b0000009c0000009d0000009e0000009f000000a0000000a1000000a2000000a3000000a4000000a5000000a6000000a7000000a8000000a9000000aa000000ab000000ac000000ad000000ae000000af000000b0000000b1000000b2000000b3000000b4000000b5000000b6000000b7000000b8000000b9000000ba000000bb000000bc000000bd000000be000000bf000000c0000000c1000000c2000000c3000000c4000000c5000000c6000000c7000000c8000000c9000000ca000000cb000000cc000000cd000000ce000000cf000000d0000000d1000000d2000000d3000000d4000000d5000000d6000000d7000000d8000000d9000000da000000db000000dc000000dd000000de000000df000000e0000000e1000000e2000000e3000000e4000000e5000000e6000000e7000000e8000000e9000000ea000000eb000000ec000000ed000000ee000000ef000000f0000000f1000000f2000000f3000000f4000000f5000000f6000000f7000000f8000000f9000000fa000000fb000000fc000000fd000000fe000000ff000000000100000101000002010000030100000401000005010000060100000701000008010000090100000a0100000b0100000c0100000d0100000e0100000f010000100100001101000012010000130100001401000015010000160100001701000018010000190100001a0100001b0100001c0100001d0100001e0100001f010000200100002101000022010000230100002401000025010000260100002701000028010000290100002a0100002b0100002c0100002d0100002e0100002f010000300100003101000032010000330100003401000035010000360100003701000038010000390100003a0100003b0100003c0100003d0100003e0100003f010000400100004101000042010000430100004401000045010000460100004701000048010000490100004a0100004b0100004c0100004d0100004e0100004f010000500100005101000052010000530100005401000055010000560100005701000058010000590100005a0100005b0100005c0100005d0100005e0100005f010000600100006101000062010000630100006401000065010000660100006701000068010000690100006a0100006b0100006c0100006d0100006e0100006f010000700100007101000072010000730100007401000075010000760100007701000078010000790100007a0100007b0100007c0100007d0100007e0100007f010000800100008101000082010000830100008401000085010000860100008701000088010000890100008a0100008b0100008c0100008d0100008e0100008f010000900100009101000092010000930100009401000095010000960100009701000098010000990100009a0100009b0100009c0100009d0100009e0100009f010000a0010000a1010000a2010000a3010000a4010000a5010000a6010000a7010000a8010000a9010000aa010000ab010000ac010000ad010000ae010000af010000b0010000b1010000b2010000b3010000b4010000b5010000b6010000b7010000b8010000b9010000ba010000bb010000
    m_SubMeshes:
    - m_Indexes: 00000000010000000200000000000000020000000300000004000000050000000600000004000000060000000700000008000000090000000a000000080000000a0000000b0000000c0000000d0000000e0000000c0000000e0000000f000000100000001100000012000000100000001200000013000000140000001500000016000000140000001600000017000000
      m_Topology: 0
    - m_Indexes: 18000000190000001a0000001b0000001c0000001d0000001e0000001f000000200000002100000022000000230000002400000025000000260000002700000028000000290000002a0000002b0000002c0000002d0000002e0000002f000000300000003100000032000000330000003400000035000000360000003700000038000000390000003a0000003b0000003c0000003d0000003e0000003f000000400000004100000042000000430000004400000045000000460000004700000048000000490000004a0000004b0000004c0000004d0000004e0000004f000000500000005100000052000000530000005400000055000000560000005700000058000000590000005a0000005b0000005c0000005d0000005e0000005f000000600000006100000062000000630000006400000065000000660000006700000068000000690000006a0000006b0000006c0000006d0000006e0000006f000000700000007100000072000000730000007400000075000000760000007700000078000000790000007a0000007b0000007c0000007d0000007e0000007f000000800000008100000082000000830000008400000085000000860000008700000088000000890000008a0000008b0000008c0000008d0000008e0000008f000000900000009100000092000000930000009400000095000000960000009700000098000000990000009a0000009b0000009c0000009d0000009e0000009f000000a0000000a1000000a2000000a3000000a4000000a5000000a6000000a7000000a8000000a9000000aa000000ab000000ac000000ad000000ae000000af000000b0000000b1000000b2000000b3000000b4000000b5000000b6000000b7000000b8000000b9000000ba000000bb000000bc000000bd000000be000000bf000000c0000000c1000000c2000000c3000000c4000000c5000000c6000000c7000000c8000000c9000000ca000000cb000000cc000000cd000000ce000000cf000000d0000000d1000000d2000000d3000000d4000000d5000000d6000000d7000000d8000000d9000000da000000db000000dc000000dd000000de000000df000000e0000000e1000000e2000000e3000000e4000000e5000000e6000000e7000000e8000000e9000000ea000000eb000000ec000000ed000000ee000000ef000000f0000000f1000000f2000000f3000000f4000000f5000000f6000000f7000000f8000000f9000000fa000000fb000000fc000000fd000000fe000000ff000000000100000101000002010000030100000401000005010000060100000701000008010000090100000a0100000b0100000c0100000d0100000e0100000f010000100100001101000012010000130100001401000015010000160100001701000018010000190100001a0100001b0100001c0100001d0100001e0100001f010000200100002101000022010000230100002401000025010000260100002701000028010000290100002a0100002b0100002c0100002d0100002e0100002f010000300100003101000032010000330100003401000035010000360100003701000038010000390100003a0100003b0100003c0100003d0100003e0100003f010000400100004101000042010000430100004401000045010000460100004701000048010000490100004a0100004b0100004c0100004d0100004e0100004f010000500100005101000052010000530100005401000055010000560100005701000058010000590100005a0100005b0100005c0100005d0100005e0100005f010000600100006101000062010000630100006401000065010000660100006701000068010000690100006a0100006b0100006c0100006d0100006e0100006f010000700100007101000072010000730100007401000075010000760100007701000078010000790100007a0100007b0100007c0100007d0100007e0100007f010000800100008101000082010000830100008401000085010000860100008701000088010000890100008a0100008b0100008c0100008d0100008e0100008f010000900100009101000092010000930100009401000095010000960100009701000098010000990100009a0100009b0100009c0100009d0100009e0100009f010000a0010000a1010000a2010000a3010000a4010000a5010000a6010000a7010000a8010000a9010000aa010000ab010000ac010000ad010000ae010000af010000b0010000b1010000b2010000b3010000b4010000b5010000b6010000b7010000b8010000b9010000ba010000bb010000
      m_Topology: 0
    m_Mesh: {fileID: 0}
  m_SkinMeshRef: {fileID: 0}
  m_OriginalMeshObject: {fileID: 4300000, guid: 0001ef2c9558aba49a7eb3ef1ad3b64d,
    type: 3}
  m_Mode: 0
