%YAML 1.1
%TAG !u! tag:unity3d.com,2011:
--- !u!1 &9120580630044619290
GameObject:
  m_ObjectHideFlags: 0
  m_CorrespondingSourceObject: {fileID: 0}
  m_PrefabInstance: {fileID: 0}
  m_PrefabAsset: {fileID: 0}
  serializedVersion: 6
  m_Component:
  - component: {fileID: 9120580630044323386}
  - component: {fileID: 9120580630045650458}
  - component: {fileID: 9120580630046616794}
  - component: {fileID: 9120580630052028890}
  - component: {fileID: 6067123815065226260}
  m_Layer: 0
  m_Name: tree_7
  m_TagString: Untagged
  m_Icon: {fileID: 0}
  m_NavMeshLayer: 0
  m_StaticEditorFlags: 0
  m_IsActive: 1
--- !u!4 &9120580630044323386
Transform:
  m_ObjectHideFlags: 0
  m_CorrespondingSourceObject: {fileID: 0}
  m_PrefabInstance: {fileID: 0}
  m_PrefabAsset: {fileID: 0}
  m_GameObject: {fileID: 9120580630044619290}
  m_LocalRotation: {x: 0.00000001597092, y: 0.6996112, z: -0.00000001563757, w: 0.7145238}
  m_LocalPosition: {x: -11.670769, y: -0.87257266, z: -54.343597}
  m_LocalScale: {x: 0.5, y: 0.5, z: 0.5}
  m_ConstrainProportionsScale: 0
  m_Children: []
  m_Father: {fileID: 0}
  m_RootOrder: 0
  m_LocalEulerAnglesHint: {x: 0, y: 0, z: 0}
--- !u!33 &9120580630045650458
MeshFilter:
  m_ObjectHideFlags: 0
  m_CorrespondingSourceObject: {fileID: 0}
  m_PrefabInstance: {fileID: 0}
  m_PrefabAsset: {fileID: 0}
  m_GameObject: {fileID: 9120580630044619290}
  m_Mesh: {fileID: 0}
--- !u!23 &9120580630046616794
MeshRenderer:
  m_ObjectHideFlags: 0
  m_CorrespondingSourceObject: {fileID: 0}
  m_PrefabInstance: {fileID: 0}
  m_PrefabAsset: {fileID: 0}
  m_GameObject: {fileID: 9120580630044619290}
  m_Enabled: 1
  m_CastShadows: 1
  m_ReceiveShadows: 1
  m_DynamicOccludee: 1
  m_StaticShadowCaster: 0
  m_MotionVectors: 1
  m_LightProbeUsage: 1
  m_ReflectionProbeUsage: 1
  m_RayTracingMode: 2
  m_RayTraceProcedural: 0
  m_RenderingLayerMask: 1
  m_RendererPriority: 0
  m_Materials:
  - {fileID: 2100000, guid: 94c54b02a6c835949b3c1b064536a0f8, type: 2}
  - {fileID: 2100000, guid: 99cd9923450e43a45a0044334efab454, type: 2}
  m_StaticBatchInfo:
    firstSubMesh: 0
    subMeshCount: 0
  m_StaticBatchRoot: {fileID: 0}
  m_ProbeAnchor: {fileID: 0}
  m_LightProbeVolumeOverride: {fileID: 0}
  m_ScaleInLightmap: 1
  m_ReceiveGI: 1
  m_PreserveUVs: 0
  m_IgnoreNormalsForChartDetection: 0
  m_ImportantGI: 0
  m_StitchLightmapSeams: 1
  m_SelectedEditorRenderState: 2
  m_MinimumChartSize: 4
  m_AutoUVMaxDistance: 0.5
  m_AutoUVMaxAngle: 89
  m_LightmapParameters: {fileID: 0}
  m_SortingLayerID: 0
  m_SortingLayer: 0
  m_SortingOrder: 0
  m_AdditionalVertexStreams: {fileID: 0}
--- !u!95 &9120580630052028890
Animator:
  serializedVersion: 5
  m_ObjectHideFlags: 0
  m_CorrespondingSourceObject: {fileID: 0}
  m_PrefabInstance: {fileID: 0}
  m_PrefabAsset: {fileID: 0}
  m_GameObject: {fileID: 9120580630044619290}
  m_Enabled: 1
  m_Avatar: {fileID: 9000000, guid: c9cfba535676c5746aea07a0f248194b, type: 3}
  m_Controller: {fileID: 0}
  m_CullingMode: 0
  m_UpdateMode: 0
  m_ApplyRootMotion: 0
  m_LinearVelocityBlending: 0
  m_StabilizeFeet: 0
  m_WarningMessage: 
  m_HasTransformHierarchy: 1
  m_AllowConstantClipSamplingOptimization: 1
  m_KeepAnimatorStateOnDisable: 0
  m_WriteDefaultValuesOnDisable: 0
--- !u!114 &6067123815065226260
MonoBehaviour:
  m_ObjectHideFlags: 0
  m_CorrespondingSourceObject: {fileID: 0}
  m_PrefabInstance: {fileID: 0}
  m_PrefabAsset: {fileID: 0}
  m_GameObject: {fileID: 9120580630044619290}
  m_Enabled: 1
  m_EditorHideFlags: 0
  m_Script: {fileID: 11500000, guid: 4bd5e5ddd242bd64581fb5ed9c0e0507, type: 3}
  m_Name: 
  m_EditorClassIdentifier: 
  m_PolyMesh:
    name: tree_7
    vertices:
    - {x: 0.6888022, y: -0.34609053, z: 0.24521689}
    - {x: -0.13809718, y: -0.33507758, z: 0.2452177}
    - {x: -0.13809669, y: -0.33507755, z: -0.5728055}
    - {x: 0.6888027, y: -0.3460905, z: -0.57280636}
    - {x: 0.59991074, y: 8.785374, z: -2.052105}
    - {x: 0.5999111, y: 8.785374, z: -2.8701282}
    - {x: -0.22698805, y: 8.796387, z: -2.8701274}
    - {x: -0.22698869, y: 8.796387, z: -2.0521042}
    - {x: -0.11719408, y: 4.3678603, z: -0.913647}
    - {x: -0.22698869, y: 8.796387, z: -2.0521042}
    - {x: -0.22698805, y: 8.796387, z: -2.8701274}
    - {x: -0.13619317, y: 4.2992587, z: -1.7612493}
    - {x: 0.6434284, y: 4.315021, z: -1.745463}
    - {x: 0.5999111, y: 8.785374, z: -2.8701282}
    - {x: 0.59991074, y: 8.785374, z: -2.052105}
    - {x: 0.66676027, y: 4.2988405, z: -0.881111}
    - {x: -0.13619317, y: 4.2992587, z: -1.7612493}
    - {x: -0.22698805, y: 8.796387, z: -2.8701274}
    - {x: 0.5999111, y: 8.785374, z: -2.8701282}
    - {x: 0.6434284, y: 4.315021, z: -1.745463}
    - {x: -0.2181612, y: 3.5405862, z: -1.532443}
    - {x: 0.6509516, y: 3.5421982, z: -1.5510339}
    - {x: -0.13809669, y: -0.33507755, z: -0.5728055}
    - {x: 0.6888027, y: -0.3460905, z: -0.57280636}
    - {x: 0.66676027, y: 4.2988405, z: -0.881111}
    - {x: 0.59991074, y: 8.785374, z: -2.052105}
    - {x: -0.22698869, y: 8.796387, z: -2.0521042}
    - {x: -0.11719408, y: 4.3678603, z: -0.913647}
    - {x: 0.6888022, y: -0.34609053, z: 0.24521689}
    - {x: 0.62562317, y: 3.5113626, z: -0.76468164}
    - {x: -0.24828407, y: 3.5963018, z: -0.7628717}
    - {x: -0.13809718, y: -0.33507758, z: 0.2452177}
    - {x: -0.24828407, y: 3.5963018, z: -0.7628717}
    - {x: 2.9681427, y: 6.8405128, z: 3.4064147}
    - {x: 3.056708, y: 7.632035, z: 3.3699503}
    - {x: -0.11719408, y: 4.3678603, z: -0.913647}
    - {x: 0.6888027, y: -0.3460905, z: -0.57280636}
    - {x: 0.62562317, y: 3.5113626, z: -0.76468164}
    - {x: 0.6888022, y: -0.34609053, z: 0.24521689}
    - {x: 0.6509516, y: 3.5421982, z: -1.5510339}
    - {x: 0.66676027, y: 4.2988405, z: -0.881111}
    - {x: 0.6434284, y: 4.315021, z: -1.745463}
    - {x: 3.7880223, y: 6.734436, z: 3.4309223}
    - {x: 3.876588, y: 7.525958, z: 3.3944576}
    - {x: 3.056708, y: 7.632035, z: 3.3699503}
    - {x: 2.9681427, y: 6.8405128, z: 3.4064147}
    - {x: -0.13809718, y: -0.33507758, z: 0.2452177}
    - {x: -0.24828407, y: 3.5963018, z: -0.7628717}
    - {x: -0.2181612, y: 3.5405862, z: -1.532443}
    - {x: -0.13809669, y: -0.33507755, z: -0.5728055}
    - {x: -0.11719408, y: 4.3678603, z: -0.913647}
    - {x: -3.8639235, y: 7.4370513, z: 0.22092992}
    - {x: -4.0829926, y: 6.692945, z: 0.4038356}
    - {x: -0.24828407, y: 3.5963018, z: -0.7628717}
    - {x: -0.11719408, y: 4.3678603, z: -0.913647}
    - {x: 3.056708, y: 7.632035, z: 3.3699503}
    - {x: 3.876588, y: 7.525958, z: 3.3944576}
    - {x: 0.66676027, y: 4.2988405, z: -0.881111}
    - {x: 0.62562317, y: 3.5113626, z: -0.76468164}
    - {x: 3.7880223, y: 6.734436, z: 3.4309223}
    - {x: 2.9681427, y: 6.8405128, z: 3.4064147}
    - {x: -0.24828407, y: 3.5963018, z: -0.7628717}
    - {x: 0.66676027, y: 4.2988405, z: -0.881111}
    - {x: 3.876588, y: 7.525958, z: 3.3944576}
    - {x: 3.7880223, y: 6.734436, z: 3.4309223}
    - {x: 0.62562317, y: 3.5113626, z: -0.76468164}
    - {x: -4.0829926, y: 6.692945, z: 0.4038356}
    - {x: -3.8639235, y: 7.4370513, z: 0.22092992}
    - {x: -3.880921, y: 7.3303576, z: -0.62279457}
    - {x: -4.050609, y: 6.59733, z: -0.36173958}
    - {x: -0.13619317, y: 4.2992587, z: -1.7612493}
    - {x: -3.880921, y: 7.3303576, z: -0.62279457}
    - {x: -3.8639235, y: 7.4370513, z: 0.22092992}
    - {x: -0.11719408, y: 4.3678603, z: -0.913647}
    - {x: -0.24828407, y: 3.5963018, z: -0.7628717}
    - {x: -4.0829926, y: 6.692945, z: 0.4038356}
    - {x: -4.050609, y: 6.59733, z: -0.36173958}
    - {x: -0.2181612, y: 3.5405862, z: -1.532443}
    - {x: -0.2181612, y: 3.5405862, z: -1.532443}
    - {x: -4.050609, y: 6.59733, z: -0.36173958}
    - {x: -3.880921, y: 7.3303576, z: -0.62279457}
    - {x: -0.13619317, y: 4.2992587, z: -1.7612493}
    - {x: 2.7132168, y: 8.604325, z: 1.2443682}
    - {x: 3.4634314, y: 10.066459, z: 3.5283313}
    - {x: 5.4275575, y: 8.604326, z: 2.1167767}
    - {x: 1.4993049, y: 6.2385325, z: 4.939885}
    - {x: 2.7132165, y: 8.604325, z: 5.8122935}
    - {x: 1.0356206, y: 8.604325, z: 3.5283308}
    - {x: 1.0356206, y: 8.604325, z: 3.5283308}
    - {x: 3.4634314, y: 10.066459, z: 3.5283313}
    - {x: 2.7132168, y: 8.604325, z: 1.2443682}
    - {x: 1.4993049, y: 6.2385325, z: 2.1167762}
    - {x: 1.0356206, y: 8.604325, z: 3.5283308}
    - {x: 2.7132168, y: 8.604325, z: 1.2443682}
    - {x: 5.4275575, y: 8.604326, z: 2.1167767}
    - {x: 3.4634314, y: 10.066459, z: 3.5283313}
    - {x: 5.4275565, y: 8.604326, z: 4.939886}
    - {x: 1.3583663, y: 9.052842, z: -4.7417345}
    - {x: -0.14206259, y: 11.4186325, z: -4.741733}
    - {x: 2.572278, y: 11.4186325, z: -3.8693254}
    - {x: 1.4993049, y: 6.2385325, z: 2.1167762}
    - {x: 2.7132168, y: 8.604325, z: 1.2443682}
    - {x: 4.2136455, y: 6.238534, z: 1.2443676}
    - {x: 5.8912416, y: 6.238534, z: 3.5283313}
    - {x: 5.4275575, y: 8.604326, z: 2.1167767}
    - {x: 5.4275565, y: 8.604326, z: 4.939886}
    - {x: 1.4993049, y: 6.2385325, z: 4.939885}
    - {x: 1.0356206, y: 8.604325, z: 3.5283308}
    - {x: 1.4993049, y: 6.2385325, z: 2.1167762}
    - {x: 3.4634314, y: 4.776402, z: 3.5283315}
    - {x: 4.2136445, y: 6.238534, z: 5.8122935}
    - {x: 1.4993049, y: 6.2385325, z: 4.939885}
    - {x: 0.60815185, y: 7.5907097, z: -2.4577708}
    - {x: 1.3583654, y: 9.052841, z: -0.17380786}
    - {x: -1.3559746, y: 9.05284, z: -1.0462164}
    - {x: 2.572278, y: 11.4186325, z: -3.8693254}
    - {x: 0.6081519, y: 12.880765, z: -2.4577708}
    - {x: 2.5722778, y: 11.4186325, z: -1.0462162}
    - {x: 1.3583654, y: 9.052841, z: -0.17380786}
    - {x: -0.14206286, y: 11.4186325, z: -0.17380778}
    - {x: -1.3559746, y: 9.05284, z: -1.0462164}
    - {x: 1.3583654, y: 9.052841, z: -0.17380786}
    - {x: 2.5722778, y: 11.4186325, z: -1.0462162}
    - {x: -0.14206286, y: 11.4186325, z: -0.17380778}
    - {x: -2.4708362, y: 8.257035, z: 1.4105132}
    - {x: -4.4349623, y: 9.719167, z: -0.001041643}
    - {x: -5.185177, y: 8.257034, z: 2.2829216}
    - {x: -3.6847484, y: 5.8912425, z: 2.2829216}
    - {x: -2.4708362, y: 8.257035, z: 1.4105132}
    - {x: -5.185177, y: 8.257034, z: 2.2829216}
    - {x: -2.0071518, y: 5.8912425, z: -0.0010417397}
    - {x: -2.4708362, y: 8.257035, z: 1.4105132}
    - {x: -3.6847484, y: 5.8912425, z: 2.2829216}
    - {x: -5.185177, y: 8.257034, z: 2.2829216}
    - {x: -4.4349623, y: 9.719167, z: -0.001041643}
    - {x: -6.8627725, y: 8.257034, z: -0.0010416812}
    - {x: -4.434962, y: 4.429111, z: -0.0010415394}
    - {x: -6.399088, y: 5.8912425, z: -1.4125966}
    - {x: -3.6847475, y: 5.8912425, z: -2.2850053}
    - {x: 2.5722778, y: 11.4186325, z: -1.0462162}
    - {x: 0.6081519, y: 12.880765, z: -2.4577708}
    - {x: -0.14206286, y: 11.4186325, z: -0.17380778}
    - {x: -6.399088, y: 5.8912425, z: 1.4105128}
    - {x: -6.8627725, y: 8.257034, z: -0.0010416812}
    - {x: -6.399088, y: 5.8912425, z: -1.4125966}
    - {x: -1.3559746, y: 9.05284, z: -1.0462164}
    - {x: -1.8196589, y: 11.4186325, z: -2.4577708}
    - {x: -1.3559747, y: 9.05284, z: -3.8693259}
    - {x: -3.6847484, y: 5.8912425, z: 2.2829216}
    - {x: -5.185177, y: 8.257034, z: 2.2829216}
    - {x: -6.399088, y: 5.8912425, z: 1.4105128}
    - {x: -1.3559747, y: 9.05284, z: -3.8693259}
    - {x: -1.8196589, y: 11.4186325, z: -2.4577708}
    - {x: -0.14206259, y: 11.4186325, z: -4.741733}
    - {x: -3.6847475, y: 5.8912425, z: -2.2850053}
    - {x: -2.470836, y: 8.257036, z: -1.4125963}
    - {x: -2.0071518, y: 5.8912425, z: -0.0010417397}
    - {x: -6.399088, y: 5.8912425, z: -1.4125966}
    - {x: -5.1851764, y: 8.257034, z: -2.2850049}
    - {x: -3.6847475, y: 5.8912425, z: -2.2850053}
    - {x: -2.0071518, y: 5.8912425, z: -0.0010417397}
    - {x: -2.470836, y: 8.257036, z: -1.4125963}
    - {x: -2.4708362, y: 8.257035, z: 1.4105132}
    - {x: -6.399088, y: 5.8912425, z: -1.4125966}
    - {x: -6.8627725, y: 8.257034, z: -0.0010416812}
    - {x: -5.1851764, y: 8.257034, z: -2.2850049}
    - {x: -2.470836, y: 8.257036, z: -1.4125963}
    - {x: -4.4349623, y: 9.719167, z: -0.001041643}
    - {x: -2.4708362, y: 8.257035, z: 1.4105132}
    - {x: -6.8627725, y: 8.257034, z: -0.0010416812}
    - {x: -4.4349623, y: 9.719167, z: -0.001041643}
    - {x: -5.1851764, y: 8.257034, z: -2.2850049}
    - {x: 3.035962, y: 9.052842, z: -2.4577708}
    - {x: 2.5722778, y: 11.4186325, z: -1.0462162}
    - {x: 1.3583654, y: 9.052841, z: -0.17380786}
    - {x: 0.60815185, y: 7.5907097, z: -2.4577708}
    - {x: -1.3559747, y: 9.05284, z: -3.8693259}
    - {x: 1.3583663, y: 9.052842, z: -4.7417345}
    - {x: 1.3583663, y: 9.052842, z: -4.7417345}
    - {x: 2.572278, y: 11.4186325, z: -3.8693254}
    - {x: 3.035962, y: 9.052842, z: -2.4577708}
    - {x: 3.035962, y: 9.052842, z: -2.4577708}
    - {x: 2.572278, y: 11.4186325, z: -3.8693254}
    - {x: 2.5722778, y: 11.4186325, z: -1.0462162}
    - {x: -1.8196589, y: 11.4186325, z: -2.4577708}
    - {x: 0.6081519, y: 12.880765, z: -2.4577708}
    - {x: -0.14206259, y: 11.4186325, z: -4.741733}
    - {x: -6.399088, y: 5.8912425, z: 1.4105128}
    - {x: -5.185177, y: 8.257034, z: 2.2829216}
    - {x: -6.8627725, y: 8.257034, z: -0.0010416812}
    - {x: -5.1851764, y: 8.257034, z: -2.2850049}
    - {x: -4.4349623, y: 9.719167, z: -0.001041643}
    - {x: -2.470836, y: 8.257036, z: -1.4125963}
    - {x: 0.60815185, y: 7.5907097, z: -2.4577708}
    - {x: 3.035962, y: 9.052842, z: -2.4577708}
    - {x: 1.3583654, y: 9.052841, z: -0.17380786}
    - {x: -0.14206286, y: 11.4186325, z: -0.17380778}
    - {x: 0.6081519, y: 12.880765, z: -2.4577708}
    - {x: -1.8196589, y: 11.4186325, z: -2.4577708}
    - {x: 4.2136445, y: 6.238534, z: 5.8122935}
    - {x: 5.4275565, y: 8.604326, z: 4.939886}
    - {x: 2.7132165, y: 8.604325, z: 5.8122935}
    - {x: -1.3559747, y: 9.05284, z: -3.8693259}
    - {x: -0.14206259, y: 11.4186325, z: -4.741733}
    - {x: 1.3583663, y: 9.052842, z: -4.7417345}
    - {x: 3.4634314, y: 4.776402, z: 3.5283315}
    - {x: 1.4993049, y: 6.2385325, z: 2.1167762}
    - {x: 4.2136455, y: 6.238534, z: 1.2443676}
    - {x: -1.3559746, y: 9.05284, z: -1.0462164}
    - {x: -0.14206286, y: 11.4186325, z: -0.17380778}
    - {x: -1.8196589, y: 11.4186325, z: -2.4577708}
    - {x: -4.434962, y: 4.429111, z: -0.0010415394}
    - {x: -3.6847484, y: 5.8912425, z: 2.2829216}
    - {x: -6.399088, y: 5.8912425, z: 1.4105128}
    - {x: 2.7132165, y: 8.604325, z: 5.8122935}
    - {x: 3.4634314, y: 10.066459, z: 3.5283313}
    - {x: 1.0356206, y: 8.604325, z: 3.5283308}
    - {x: -3.6847475, y: 5.8912425, z: -2.2850053}
    - {x: -5.1851764, y: 8.257034, z: -2.2850049}
    - {x: -2.470836, y: 8.257036, z: -1.4125963}
    - {x: -0.14206259, y: 11.4186325, z: -4.741733}
    - {x: 0.6081519, y: 12.880765, z: -2.4577708}
    - {x: 2.572278, y: 11.4186325, z: -3.8693254}
    - {x: 0.60815185, y: 7.5907097, z: -2.4577708}
    - {x: 1.3583663, y: 9.052842, z: -4.7417345}
    - {x: 3.035962, y: 9.052842, z: -2.4577708}
    - {x: 4.2136455, y: 6.238534, z: 1.2443676}
    - {x: 2.7132168, y: 8.604325, z: 1.2443682}
    - {x: 5.4275575, y: 8.604326, z: 2.1167767}
    - {x: 4.2136445, y: 6.238534, z: 5.8122935}
    - {x: 2.7132165, y: 8.604325, z: 5.8122935}
    - {x: 1.4993049, y: 6.2385325, z: 4.939885}
    - {x: 5.4275565, y: 8.604326, z: 4.939886}
    - {x: 3.4634314, y: 10.066459, z: 3.5283313}
    - {x: 2.7132165, y: 8.604325, z: 5.8122935}
    - {x: 5.8912416, y: 6.238534, z: 3.5283313}
    - {x: 5.4275565, y: 8.604326, z: 4.939886}
    - {x: 4.2136445, y: 6.238534, z: 5.8122935}
    - {x: -4.434962, y: 4.429111, z: -0.0010415394}
    - {x: -3.6847475, y: 5.8912425, z: -2.2850053}
    - {x: -2.0071518, y: 5.8912425, z: -0.0010417397}
    - {x: 4.2136455, y: 6.238534, z: 1.2443676}
    - {x: 5.4275575, y: 8.604326, z: 2.1167767}
    - {x: 5.8912416, y: 6.238534, z: 3.5283313}
    - {x: -1.3559746, y: 9.05284, z: -1.0462164}
    - {x: -1.3559747, y: 9.05284, z: -3.8693259}
    - {x: 0.60815185, y: 7.5907097, z: -2.4577708}
    - {x: -6.399088, y: 5.8912425, z: 1.4105128}
    - {x: -6.399088, y: 5.8912425, z: -1.4125966}
    - {x: -4.434962, y: 4.429111, z: -0.0010415394}
    - {x: 1.4993049, y: 6.2385325, z: 4.939885}
    - {x: 1.4993049, y: 6.2385325, z: 2.1167762}
    - {x: 3.4634314, y: 4.776402, z: 3.5283315}
    - {x: 3.4634314, y: 4.776402, z: 3.5283315}
    - {x: 5.8912416, y: 6.238534, z: 3.5283313}
    - {x: 4.2136445, y: 6.238534, z: 5.8122935}
    - {x: -4.434962, y: 4.429111, z: -0.0010415394}
    - {x: -2.0071518, y: 5.8912425, z: -0.0010417397}
    - {x: -3.6847484, y: 5.8912425, z: 2.2829216}
    - {x: 3.4634314, y: 4.776402, z: 3.5283315}
    - {x: 4.2136455, y: 6.238534, z: 1.2443676}
    - {x: 5.8912416, y: 6.238534, z: 3.5283313}
    normals:
    - {x: -0.013317195, y: -0.9999113, z: 0}
    - {x: -0.013317195, y: -0.9999113, z: 0}
    - {x: -0.013317195, y: -0.9999113, z: 0}
    - {x: -0.013317195, y: -0.9999113, z: 0}
    - {x: 0.013318071, y: 0.9999113, z: 0}
    - {x: 0.013318071, y: 0.9999113, z: 0}
    - {x: 0.013318071, y: 0.9999113, z: 0}
    - {x: 0.013318071, y: 0.9999113, z: 0}
    - {x: -0.99973744, y: -0.019395193, z: 0.01220202}
    - {x: -0.99973744, y: -0.019395193, z: 0.01220202}
    - {x: -0.99973744, y: -0.019395193, z: 0.01220202}
    - {x: -0.99973744, y: -0.019395193, z: 0.01220202}
    - {x: 0.99986637, y: 0.008788079, z: -0.013781733}
    - {x: 0.99986637, y: 0.008788079, z: -0.013781733}
    - {x: 0.99986637, y: 0.008788079, z: -0.013781733}
    - {x: 0.99986637, y: 0.008788079, z: -0.013781733}
    - {x: 0.010248486, y: -0.24153028, z: -0.9703391}
    - {x: 0.010248486, y: -0.24153028, z: -0.9703391}
    - {x: 0.010248486, y: -0.24153028, z: -0.9703391}
    - {x: 0.010248486, y: -0.24153028, z: -0.9703391}
    - {x: -0.011977712, y: -0.24232218, z: -0.97012186}
    - {x: -0.011977712, y: -0.24232218, z: -0.97012186}
    - {x: -0.011977712, y: -0.24232218, z: -0.97012186}
    - {x: -0.011977712, y: -0.24232218, z: -0.97012186}
    - {x: -0.0070996997, y: 0.2506347, z: 0.96805567}
    - {x: -0.0070996997, y: 0.2506347, z: 0.96805567}
    - {x: -0.0070996997, y: 0.2506347, z: 0.96805567}
    - {x: -0.0070996997, y: 0.2506347, z: 0.96805567}
    - {x: 0.015196097, y: 0.25109416, z: 0.96784335}
    - {x: 0.015196097, y: 0.25109416, z: 0.96784335}
    - {x: 0.015196097, y: 0.25109416, z: 0.96784335}
    - {x: 0.015196097, y: 0.25109416, z: 0.96784335}
    - {x: -0.8462068, y: 0.17903426, z: 0.50187725}
    - {x: -0.8462068, y: 0.17903426, z: 0.50187725}
    - {x: -0.8462068, y: 0.17903426, z: 0.50187725}
    - {x: -0.8462068, y: 0.17903426, z: 0.50187725}
    - {x: 0.99972266, y: 0.017175516, z: 0.016113177}
    - {x: 0.99972266, y: 0.017175516, z: 0.016113177}
    - {x: 0.99972266, y: 0.017175516, z: 0.016113177}
    - {x: 0.99972266, y: 0.017175516, z: 0.016113177}
    - {x: 0.99977046, y: -0.021418924, z: 0.0005992611}
    - {x: 0.99977046, y: -0.021418924, z: 0.0005992611}
    - {x: -0.023555081, y: 0.048637226, z: 0.99853873}
    - {x: -0.023555081, y: 0.048637226, z: 0.99853873}
    - {x: -0.023555081, y: 0.048637226, z: 0.99853873}
    - {x: -0.023555081, y: 0.048637226, z: 0.99853873}
    - {x: -0.9994217, y: -0.02887925, z: -0.017949767}
    - {x: -0.9994217, y: -0.02887925, z: -0.017949767}
    - {x: -0.9994217, y: -0.02887925, z: -0.017949767}
    - {x: -0.9994217, y: -0.02887925, z: -0.017949767}
    - {x: 0.37383303, y: 0.116218105, z: 0.9201859}
    - {x: 0.37383303, y: 0.116218105, z: 0.9201859}
    - {x: 0.37383303, y: 0.116218105, z: 0.9201859}
    - {x: 0.37383303, y: 0.116218105, z: 0.9201859}
    - {x: 0.105307706, y: 0.7529586, z: -0.6495872}
    - {x: 0.105307706, y: 0.7529586, z: -0.6495872}
    - {x: 0.105307706, y: 0.7529586, z: -0.6495872}
    - {x: 0.105307706, y: 0.7529586, z: -0.6495872}
    - {x: -0.093537666, y: -0.75187397, z: 0.65263796}
    - {x: -0.093537666, y: -0.75187397, z: 0.65263796}
    - {x: -0.093537666, y: -0.75187397, z: 0.65263796}
    - {x: -0.093537666, y: -0.75187397, z: 0.65263796}
    - {x: 0.8352465, y: -0.120557934, z: -0.53649694}
    - {x: 0.8352465, y: -0.120557934, z: -0.53649694}
    - {x: 0.8352465, y: -0.120557934, z: -0.53649694}
    - {x: 0.8352465, y: -0.120557934, z: -0.53649694}
    - {x: -0.9691826, y: 0.24310255, z: -0.039827526}
    - {x: -0.9691826, y: 0.24310255, z: -0.039827526}
    - {x: -0.9691826, y: 0.24310255, z: -0.039827526}
    - {x: -0.9691826, y: 0.24310255, z: -0.039827526}
    - {x: 0.6112212, y: 0.7858037, z: -0.09445221}
    - {x: 0.6112212, y: 0.7858037, z: -0.09445221}
    - {x: 0.6112212, y: 0.7858037, z: -0.09445221}
    - {x: 0.6112212, y: 0.7858037, z: -0.09445221}
    - {x: -0.61526996, y: -0.7865673, z: 0.052485548}
    - {x: -0.61526996, y: -0.7865673, z: 0.052485548}
    - {x: -0.61526996, y: -0.7865673, z: 0.052485548}
    - {x: -0.61526996, y: -0.7865673, z: 0.052485548}
    - {x: -0.43744922, y: -0.21309301, z: -0.87363005}
    - {x: -0.43744922, y: -0.21309301, z: -0.87363005}
    - {x: -0.43744922, y: -0.21309301, z: -0.87363005}
    - {x: -0.43744922, y: -0.21309301, z: -0.87363005}
    - {x: 0.18387577, y: 0.79931027, z: -0.57209504}
    - {x: 0.18387577, y: 0.79931027, z: -0.57209504}
    - {x: 0.18387577, y: 0.79931027, z: -0.57209504}
    - {x: -0.7910163, y: 0.19162528, z: 0.58101034}
    - {x: -0.7910163, y: 0.19162528, z: 0.58101034}
    - {x: -0.7910163, y: 0.19162528, z: 0.58101034}
    - {x: -0.48243254, y: 0.80105793, z: -0.35435173}
    - {x: -0.48243254, y: 0.80105793, z: -0.35435173}
    - {x: -0.48243254, y: 0.80105793, z: -0.35435173}
    - {x: -0.7910163, y: 0.19162542, z: -0.58101034}
    - {x: -0.7910163, y: 0.19162542, z: -0.58101034}
    - {x: -0.7910163, y: 0.19162542, z: -0.58101034}
    - {x: 0.59713054, y: 0.8021441, z: 0.00000013796068}
    - {x: 0.59713054, y: 0.8021441, z: 0.00000013796068}
    - {x: 0.59713054, y: 0.8021441, z: 0.00000013796068}
    - {x: 0.30038634, y: 0.1905108, z: -0.93459815}
    - {x: 0.30038634, y: 0.1905108, z: -0.93459815}
    - {x: 0.30038634, y: 0.1905108, z: -0.93459815}
    - {x: -0.30038646, y: -0.19051042, z: -0.93459815}
    - {x: -0.30038646, y: -0.19051042, z: -0.93459815}
    - {x: -0.30038646, y: -0.19051042, z: -0.93459815}
    - {x: 0.9813291, y: 0.19233598, z: 0.00000028024664}
    - {x: 0.9813291, y: 0.19233598, z: 0.00000028024664}
    - {x: 0.9813291, y: 0.19233598, z: 0.00000028024664}
    - {x: -0.9813291, y: -0.19233596, z: 0}
    - {x: -0.9813291, y: -0.19233596, z: 0}
    - {x: -0.9813291, y: -0.19233596, z: 0}
    - {x: -0.18387511, y: -0.7993105, z: 0.572095}
    - {x: -0.18387511, y: -0.7993105, z: 0.572095}
    - {x: -0.18387511, y: -0.7993105, z: 0.572095}
    - {x: -0.18387559, y: -0.7993107, z: 0.5720946}
    - {x: -0.18387559, y: -0.7993107, z: 0.5720946}
    - {x: -0.18387559, y: -0.7993107, z: 0.5720946}
    - {x: 0.5971303, y: 0.80214417, z: 0}
    - {x: 0.5971303, y: 0.80214417, z: 0}
    - {x: 0.5971303, y: 0.80214417, z: 0}
    - {x: -0.30038667, y: -0.19051072, z: 0.93459815}
    - {x: -0.30038667, y: -0.19051072, z: 0.93459815}
    - {x: -0.30038667, y: -0.19051072, z: 0.93459815}
    - {x: 0.30038652, y: 0.19051065, z: 0.93459815}
    - {x: 0.30038652, y: 0.19051065, z: 0.93459815}
    - {x: 0.30038652, y: 0.19051065, z: 0.93459815}
    - {x: 0.18387502, y: 0.79931056, z: 0.5720949}
    - {x: 0.18387502, y: 0.79931056, z: 0.5720949}
    - {x: 0.18387502, y: 0.79931056, z: 0.5720949}
    - {x: 0.3003863, y: 0.19051065, z: 0.93459815}
    - {x: 0.3003863, y: 0.19051065, z: 0.93459815}
    - {x: 0.3003863, y: 0.19051065, z: 0.93459815}
    - {x: 0.79101634, y: -0.19162537, z: 0.58101016}
    - {x: 0.79101634, y: -0.19162537, z: 0.58101016}
    - {x: 0.79101634, y: -0.19162537, z: 0.58101016}
    - {x: -0.48243177, y: 0.8010585, z: 0.3543516}
    - {x: -0.48243177, y: 0.8010585, z: 0.3543516}
    - {x: -0.48243177, y: 0.8010585, z: 0.3543516}
    - {x: -0.18387565, y: -0.7993107, z: -0.5720946}
    - {x: -0.18387565, y: -0.7993107, z: -0.5720946}
    - {x: -0.18387565, y: -0.7993107, z: -0.5720946}
    - {x: 0.18387498, y: 0.7993105, z: 0.572095}
    - {x: 0.18387498, y: 0.7993105, z: 0.572095}
    - {x: 0.18387498, y: 0.7993105, z: 0.572095}
    - {x: -0.9813291, y: -0.19233617, z: 0}
    - {x: -0.9813291, y: -0.19233617, z: 0}
    - {x: -0.9813291, y: -0.19233617, z: 0}
    - {x: -0.9813291, y: -0.19233605, z: 0}
    - {x: -0.9813291, y: -0.19233605, z: 0}
    - {x: -0.9813291, y: -0.19233605, z: 0}
    - {x: -0.3003866, y: -0.19051084, z: 0.934598}
    - {x: -0.3003866, y: -0.19051084, z: 0.934598}
    - {x: -0.3003866, y: -0.19051084, z: 0.934598}
    - {x: -0.7910163, y: 0.19162543, z: -0.58101034}
    - {x: -0.7910163, y: 0.19162543, z: -0.58101034}
    - {x: -0.7910163, y: 0.19162543, z: -0.58101034}
    - {x: 0.79101634, y: -0.19162539, z: -0.58101016}
    - {x: 0.79101634, y: -0.19162539, z: -0.58101016}
    - {x: 0.79101634, y: -0.19162539, z: -0.58101016}
    - {x: -0.30038658, y: -0.19051066, z: -0.93459815}
    - {x: -0.30038658, y: -0.19051066, z: -0.93459815}
    - {x: -0.30038658, y: -0.19051066, z: -0.93459815}
    - {x: 0.9813292, y: 0.1923358, z: 0.00000027207332}
    - {x: 0.9813292, y: 0.1923358, z: 0.00000027207332}
    - {x: 0.9813292, y: 0.1923358, z: 0.00000027207332}
    - {x: -0.79101616, y: 0.19162543, z: -0.5810104}
    - {x: -0.79101616, y: 0.19162543, z: -0.5810104}
    - {x: -0.79101616, y: 0.19162543, z: -0.5810104}
    - {x: 0.5971306, y: 0.8021441, z: 0.00000041388216}
    - {x: 0.5971306, y: 0.8021441, z: 0.00000041388216}
    - {x: 0.5971306, y: 0.8021441, z: 0.00000041388216}
    - {x: -0.48243165, y: 0.80105835, z: -0.35435185}
    - {x: -0.48243165, y: 0.80105835, z: -0.35435185}
    - {x: -0.48243165, y: 0.80105835, z: -0.35435185}
    - {x: 0.7910163, y: -0.19162557, z: 0.5810103}
    - {x: 0.7910163, y: -0.19162557, z: 0.5810103}
    - {x: 0.7910163, y: -0.19162557, z: 0.5810103}
    - {x: -0.18387502, y: -0.79931056, z: -0.5720949}
    - {x: -0.18387502, y: -0.79931056, z: -0.5720949}
    - {x: -0.18387502, y: -0.79931056, z: -0.5720949}
    - {x: 0.79101616, y: -0.19162548, z: -0.58101034}
    - {x: 0.79101616, y: -0.19162548, z: -0.58101034}
    - {x: 0.79101616, y: -0.19162548, z: -0.58101034}
    - {x: 0.9813291, y: 0.19233595, z: 0}
    - {x: 0.9813291, y: 0.19233595, z: 0}
    - {x: 0.9813291, y: 0.19233595, z: 0}
    - {x: -0.4824312, y: 0.8010586, z: -0.3543518}
    - {x: -0.4824312, y: 0.8010586, z: -0.3543518}
    - {x: -0.4824312, y: 0.8010586, z: -0.3543518}
    - {x: -0.79101616, y: 0.19162522, z: 0.5810104}
    - {x: -0.79101616, y: 0.19162522, z: 0.5810104}
    - {x: -0.79101616, y: 0.19162522, z: 0.5810104}
    - {x: 0.18387447, y: 0.79931074, z: -0.5720948}
    - {x: 0.18387447, y: 0.79931074, z: -0.5720948}
    - {x: 0.18387447, y: 0.79931074, z: -0.5720948}
    - {x: 0.4824319, y: -0.80105835, z: 0.35435155}
    - {x: 0.4824319, y: -0.80105835, z: 0.35435155}
    - {x: 0.4824319, y: -0.80105835, z: 0.35435155}
    - {x: -0.48243168, y: 0.8010585, z: 0.35435167}
    - {x: -0.48243168, y: 0.8010585, z: 0.35435167}
    - {x: -0.48243168, y: 0.8010585, z: 0.35435167}
    - {x: 0.30038634, y: 0.1905104, z: 0.93459815}
    - {x: 0.30038634, y: 0.1905104, z: 0.93459815}
    - {x: 0.30038634, y: 0.1905104, z: 0.93459815}
    - {x: -0.30038652, y: -0.19051053, z: -0.93459815}
    - {x: -0.30038652, y: -0.19051053, z: -0.93459815}
    - {x: -0.30038652, y: -0.19051053, z: -0.93459815}
    - {x: -0.18387495, y: -0.7993108, z: -0.5720946}
    - {x: -0.18387495, y: -0.7993108, z: -0.5720946}
    - {x: -0.18387495, y: -0.7993108, z: -0.5720946}
    - {x: -0.7910161, y: 0.1916255, z: 0.5810105}
    - {x: -0.7910161, y: 0.1916255, z: 0.5810105}
    - {x: -0.7910161, y: 0.1916255, z: 0.5810105}
    - {x: -0.1838753, y: -0.79931056, z: 0.5720947}
    - {x: -0.1838753, y: -0.79931056, z: 0.5720947}
    - {x: -0.1838753, y: -0.79931056, z: 0.5720947}
    - {x: -0.4824321, y: 0.80105805, z: 0.35435173}
    - {x: -0.4824321, y: 0.80105805, z: 0.35435173}
    - {x: -0.4824321, y: 0.80105805, z: 0.35435173}
    - {x: 0.3003863, y: 0.19051084, z: -0.93459815}
    - {x: 0.3003863, y: 0.19051084, z: -0.93459815}
    - {x: 0.3003863, y: 0.19051084, z: -0.93459815}
    - {x: 0.18387555, y: 0.7993104, z: -0.5720951}
    - {x: 0.18387555, y: 0.7993104, z: -0.5720951}
    - {x: 0.18387555, y: 0.7993104, z: -0.5720951}
    - {x: 0.48243204, y: -0.8010583, z: -0.35435143}
    - {x: 0.48243204, y: -0.8010583, z: -0.35435143}
    - {x: 0.48243204, y: -0.8010583, z: -0.35435143}
    - {x: 0.30038652, y: 0.19051096, z: -0.93459815}
    - {x: 0.30038652, y: 0.19051096, z: -0.93459815}
    - {x: 0.30038652, y: 0.19051096, z: -0.93459815}
    - {x: -0.3003867, y: -0.19051073, z: 0.934598}
    - {x: -0.3003867, y: -0.19051073, z: 0.934598}
    - {x: -0.3003867, y: -0.19051073, z: 0.934598}
    - {x: 0.18387558, y: 0.7993102, z: 0.5720952}
    - {x: 0.18387558, y: 0.7993102, z: 0.5720952}
    - {x: 0.18387558, y: 0.7993102, z: 0.5720952}
    - {x: 0.7910161, y: -0.19162536, z: 0.5810106}
    - {x: 0.7910161, y: -0.19162536, z: 0.5810106}
    - {x: 0.7910161, y: -0.19162536, z: 0.5810106}
    - {x: 0.48243225, y: -0.8010583, z: -0.35435116}
    - {x: 0.48243225, y: -0.8010583, z: -0.35435116}
    - {x: 0.48243225, y: -0.8010583, z: -0.35435116}
    - {x: 0.7910164, y: -0.19162539, z: -0.58101004}
    - {x: 0.7910164, y: -0.19162539, z: -0.58101004}
    - {x: 0.7910164, y: -0.19162539, z: -0.58101004}
    - {x: -0.5971304, y: -0.80214417, z: 0}
    - {x: -0.5971304, y: -0.80214417, z: 0}
    - {x: -0.5971304, y: -0.80214417, z: 0}
    - {x: -0.5971308, y: -0.8021439, z: 0}
    - {x: -0.5971308, y: -0.8021439, z: 0}
    - {x: -0.5971308, y: -0.8021439, z: 0}
    - {x: -0.59713066, y: -0.80214405, z: 0}
    - {x: -0.59713066, y: -0.80214405, z: 0}
    - {x: -0.59713066, y: -0.80214405, z: 0}
    - {x: 0.48243168, y: -0.80105835, z: 0.3543517}
    - {x: 0.48243168, y: -0.80105835, z: 0.3543517}
    - {x: 0.48243168, y: -0.80105835, z: 0.3543517}
    - {x: 0.48243162, y: -0.80105853, z: 0.35435143}
    - {x: 0.48243162, y: -0.80105853, z: 0.35435143}
    - {x: 0.48243162, y: -0.80105853, z: 0.35435143}
    - {x: 0.48243174, y: -0.80105835, z: -0.35435164}
    - {x: 0.48243174, y: -0.80105835, z: -0.35435164}
    - {x: 0.48243174, y: -0.80105835, z: -0.35435164}
    colors: []
    tangents:
    - {x: 0, y: 0, z: 1, w: -1}
    - {x: 0, y: 0, z: 1, w: -1}
    - {x: 0, y: 0, z: 1, w: -1}
    - {x: 0, y: 0, z: 1, w: -1}
    - {x: 0, y: 0, z: 1, w: 1}
    - {x: 0, y: 0, z: 1, w: 1}
    - {x: 0, y: 0, z: 1, w: 1}
    - {x: 0, y: 0, z: 1, w: 1}
    - {x: 0.012199724, y: 0.00023667816, z: 0.99992555, w: 1}
    - {x: 0.012199724, y: 0.00023667816, z: 0.99992555, w: 1}
    - {x: 0.012199724, y: 0.00023667816, z: 0.99992555, w: 1}
    - {x: 0.012199724, y: 0.00023667816, z: 0.99992555, w: 1}
    - {x: -0.008787245, y: 0.99996144, z: 0.00012111964, w: 1}
    - {x: -0.008787245, y: 0.99996144, z: 0.00012111964, w: 1}
    - {x: -0.008787245, y: 0.99996144, z: 0.00012111964, w: 1}
    - {x: -0.008787245, y: 0.99996144, z: 0.00012111964, w: 1}
    - {x: 0.9999475, y: 0.0024754496, z: 0.009945029, w: -1}
    - {x: 0.9999475, y: 0.0024754496, z: 0.009945029, w: -1}
    - {x: 0.9999475, y: 0.0024754496, z: 0.009945029, w: -1}
    - {x: 0.9999475, y: 0.0024754496, z: 0.009945029, w: -1}
    - {x: 0.9999283, y: -0.0029026736, z: -0.011620673, w: -1}
    - {x: 0.9999283, y: -0.0029026736, z: -0.011620673, w: -1}
    - {x: 0.9999283, y: -0.0029026736, z: -0.011620673, w: -1}
    - {x: 0.9999283, y: -0.0029026736, z: -0.011620673, w: -1}
    - {x: 0.9999748, y: 0.001779476, z: 0.0068730777, w: 1}
    - {x: 0.9999748, y: 0.001779476, z: 0.0068730777, w: 1}
    - {x: 0.9999748, y: 0.001779476, z: 0.0068730777, w: 1}
    - {x: 0.9999748, y: 0.001779476, z: 0.0068730777, w: 1}
    - {x: 0.99988455, y: -0.0038160917, z: -0.014709139, w: 1}
    - {x: 0.99988455, y: -0.0038160917, z: -0.014709139, w: 1}
    - {x: 0.99988455, y: -0.0038160917, z: -0.014709139, w: 1}
    - {x: 0.99988455, y: -0.0038160917, z: -0.014709139, w: 1}
    - {x: 0.153988, y: 0.9838428, z: -0.09132884, w: -1}
    - {x: 0.153988, y: 0.9838428, z: -0.09132884, w: -1}
    - {x: 0.153988, y: 0.9838428, z: -0.09132884, w: -1}
    - {x: 0.153988, y: 0.9838428, z: -0.09132884, w: -1}
    - {x: -0.0161108, y: -0.00027678808, z: 0.9998702, w: -1}
    - {x: -0.0161108, y: -0.00027678808, z: 0.9998702, w: -1}
    - {x: -0.0161108, y: -0.00027678808, z: 0.9998702, w: -1}
    - {x: -0.0161108, y: -0.00027678808, z: 0.9998702, w: -1}
    - {x: -0.00059912365, y: 0.00001283553, z: 0.9999998, w: -1}
    - {x: -0.00059912365, y: 0.00001283553, z: 0.9999998, w: -1}
    - {x: 0.99972254, y: 0.0011459717, z: 0.02352719, w: 1}
    - {x: 0.99972254, y: 0.0011459717, z: 0.02352719, w: 1}
    - {x: 0.99972254, y: 0.0011459717, z: 0.02352719, w: 1}
    - {x: 0.99972254, y: 0.0011459717, z: 0.02352719, w: 1}
    - {x: -0.017942278, y: -0.00051845936, z: 0.9998389, w: 1}
    - {x: -0.017942278, y: -0.00051845936, z: 0.9998389, w: 1}
    - {x: -0.017942278, y: -0.00051845936, z: 0.9998389, w: 1}
    - {x: -0.017942278, y: -0.00051845936, z: 0.9998389, w: 1}
    - {x: -0.043742575, y: 0.9932237, z: -0.10767188, w: -1}
    - {x: -0.043742575, y: 0.9932237, z: -0.10767188, w: -1}
    - {x: -0.043742575, y: 0.9932237, z: -0.10767188, w: -1}
    - {x: -0.043742575, y: 0.9932237, z: -0.10767188, w: -1}
    - {x: 0.99443966, y: -0.0797357, z: 0.06878903, w: -1}
    - {x: 0.99443966, y: -0.0797357, z: 0.06878903, w: -1}
    - {x: 0.99443966, y: -0.0797357, z: 0.06878903, w: -1}
    - {x: 0.99443966, y: -0.0797357, z: 0.06878903, w: -1}
    - {x: 0.9956158, y: -0.07063823, z: 0.061315052, w: 1}
    - {x: 0.9956158, y: -0.07063823, z: 0.061315052, w: 1}
    - {x: 0.9956158, y: -0.07063823, z: 0.061315052, w: 1}
    - {x: 0.9956158, y: -0.07063823, z: 0.061315052, w: 1}
    - {x: 0.10143544, y: 0.9927063, z: -0.06515418, w: 1}
    - {x: 0.10143544, y: 0.9927063, z: -0.06515418, w: 1}
    - {x: 0.10143544, y: 0.9927063, z: -0.06515418, w: 1}
    - {x: 0.10143544, y: 0.9927063, z: -0.06515418, w: 1}
    - {x: -0.0386308, y: 0.009689861, z: 0.99920654, w: 1}
    - {x: -0.0386308, y: 0.009689861, z: 0.99920654, w: 1}
    - {x: -0.0386308, y: 0.009689861, z: 0.99920654, w: 1}
    - {x: -0.0386308, y: 0.009689861, z: 0.99920654, w: 1}
    - {x: 0.057990443, y: 0.0745542, z: 0.9955294, w: 1}
    - {x: 0.057990443, y: 0.0745542, z: 0.9955294, w: 1}
    - {x: 0.057990443, y: 0.0745542, z: 0.9955294, w: 1}
    - {x: 0.057990443, y: 0.0745542, z: 0.9955294, w: 1}
    - {x: 0.032337353, y: 0.041340396, z: 0.9986217, w: -1}
    - {x: 0.032337353, y: 0.041340396, z: 0.9986217, w: -1}
    - {x: 0.032337353, y: 0.041340396, z: 0.9986217, w: -1}
    - {x: 0.032337353, y: 0.041340396, z: 0.9986217, w: -1}
    - {x: -0.09540872, y: 0.9770319, z: -0.1905408, w: 1}
    - {x: -0.09540872, y: 0.9770319, z: -0.1905408, w: 1}
    - {x: -0.09540872, y: 0.9770319, z: -0.1905408, w: 1}
    - {x: -0.09540872, y: 0.9770319, z: -0.1905408, w: 1}
    - {x: 0.9829495, y: -0.14952323, z: 0.10701914, w: -1}
    - {x: 0.9829495, y: -0.14952323, z: 0.10701914, w: -1}
    - {x: 0.9829495, y: -0.14952323, z: 0.10701914, w: -1}
    - {x: 0.1544408, y: 0.98146814, z: -0.113438495, w: -1}
    - {x: 0.1544408, y: 0.98146814, z: -0.113438495, w: -1}
    - {x: 0.1544408, y: 0.98146814, z: -0.113438495, w: -1}
    - {x: -0.18281315, y: 0.30355316, z: 0.93511224, w: 1}
    - {x: -0.18281315, y: 0.30355316, z: 0.93511224, w: 1}
    - {x: -0.18281315, y: 0.30355316, z: 0.93511224, w: 1}
    - {x: 0.1544409, y: 0.9814681, z: 0.11343857, w: -1}
    - {x: 0.1544409, y: 0.9814681, z: 0.11343857, w: -1}
    - {x: 0.1544409, y: 0.9814681, z: 0.11343857, w: -1}
    - {x: -0.00000008238054, y: -0.00000011066435, z: 1, w: 1}
    - {x: -0.00000008238054, y: -0.00000011066435, z: 1, w: 1}
    - {x: -0.00000008238054, y: -0.00000011066435, z: 1, w: 1}
    - {x: -0.058294497, y: 0.9816851, z: 0.18137287, w: 1}
    - {x: -0.058294497, y: 0.9816851, z: 0.18137287, w: 1}
    - {x: -0.058294497, y: 0.9816851, z: 0.18137287, w: 1}
    - {x: -0.058294404, y: 0.98168516, z: -0.1813725, w: 1}
    - {x: -0.058294404, y: 0.98168516, z: -0.1813725, w: 1}
    - {x: -0.058294404, y: 0.98168516, z: -0.1813725, w: 1}
    - {x: -0.00000027501417, y: -0.000000053901513, z: 1, w: -1}
    - {x: -0.00000027501417, y: -0.000000053901513, z: 1, w: -1}
    - {x: -0.00000027501417, y: -0.000000053901513, z: 1, w: -1}
    - {x: 0, y: 0, z: 1, w: 1}
    - {x: 0, y: 0, z: 1, w: 1}
    - {x: 0, y: 0, z: 1, w: 1}
    - {x: 0.9829497, y: -0.14952274, z: 0.10701875, w: 1}
    - {x: 0.9829497, y: -0.14952274, z: 0.10701875, w: 1}
    - {x: 0.9829497, y: -0.14952274, z: 0.10701875, w: 1}
    - {x: 0.98294955, y: -0.14952317, z: 0.10701896, w: 1}
    - {x: 0.98294955, y: -0.14952317, z: 0.10701896, w: 1}
    - {x: 0.98294955, y: -0.14952317, z: 0.10701896, w: 1}
    - {x: 0, y: 0, z: 1, w: 1}
    - {x: 0, y: 0, z: 1, w: 1}
    - {x: 0, y: 0, z: 1, w: 1}
    - {x: -0.05829454, y: 0.9816851, z: 0.18137279, w: -1}
    - {x: -0.05829454, y: 0.9816851, z: 0.18137279, w: -1}
    - {x: -0.05829454, y: 0.9816851, z: 0.18137279, w: -1}
    - {x: -0.058294483, y: 0.9816851, z: -0.1813727, w: -1}
    - {x: -0.058294483, y: 0.9816851, z: -0.1813727, w: -1}
    - {x: -0.058294483, y: 0.9816851, z: -0.1813727, w: -1}
    - {x: 0.9829497, y: -0.14952268, z: -0.10701867, w: -1}
    - {x: 0.9829497, y: -0.14952268, z: -0.10701867, w: -1}
    - {x: 0.9829497, y: -0.14952268, z: -0.10701867, w: -1}
    - {x: -0.05829444, y: 0.9816851, z: -0.1813727, w: -1}
    - {x: -0.05829444, y: 0.9816851, z: -0.1813727, w: -1}
    - {x: -0.05829444, y: 0.9816851, z: -0.1813727, w: -1}
    - {x: 0.15444088, y: 0.98146814, z: 0.11343852, w: 1}
    - {x: 0.15444088, y: 0.98146814, z: 0.11343852, w: 1}
    - {x: 0.15444088, y: 0.98146814, z: 0.11343852, w: 1}
    - {x: 0.18281278, y: -0.30355325, z: 0.9351123, w: 1}
    - {x: 0.18281278, y: -0.30355325, z: 0.9351123, w: 1}
    - {x: 0.18281278, y: -0.30355325, z: 0.9351123, w: 1}
    - {x: 0.98294955, y: -0.14952321, z: -0.107019, w: 1}
    - {x: 0.98294955, y: -0.14952321, z: -0.107019, w: 1}
    - {x: 0.98294955, y: -0.14952321, z: -0.107019, w: 1}
    - {x: 0.9829497, y: -0.14952263, z: -0.10701866, w: -1}
    - {x: 0.9829497, y: -0.14952263, z: -0.10701866, w: -1}
    - {x: 0.9829497, y: -0.14952263, z: -0.10701866, w: -1}
    - {x: 0, y: 0, z: 1, w: 1}
    - {x: 0, y: 0, z: 1, w: 1}
    - {x: 0, y: 0, z: 1, w: 1}
    - {x: 0, y: 0, z: 1, w: 1}
    - {x: 0, y: 0, z: 1, w: 1}
    - {x: 0, y: 0, z: 1, w: 1}
    - {x: -0.058294564, y: 0.9816851, z: 0.1813729, w: -1}
    - {x: -0.058294564, y: 0.9816851, z: 0.1813729, w: -1}
    - {x: -0.058294564, y: 0.9816851, z: 0.1813729, w: -1}
    - {x: 0.1544409, y: 0.9814681, z: 0.11343858, w: -1}
    - {x: 0.1544409, y: 0.9814681, z: 0.11343858, w: -1}
    - {x: 0.1544409, y: 0.9814681, z: 0.11343858, w: -1}
    - {x: 0.15444088, y: 0.9814681, z: -0.11343852, w: 1}
    - {x: 0.15444088, y: 0.9814681, z: -0.11343852, w: 1}
    - {x: 0.15444088, y: 0.9814681, z: -0.11343852, w: 1}
    - {x: -0.0582945, y: 0.9816851, z: -0.18137273, w: 1}
    - {x: -0.0582945, y: 0.9816851, z: -0.18137273, w: 1}
    - {x: -0.0582945, y: 0.9816851, z: -0.18137273, w: 1}
    - {x: -0.0000002669935, y: -0.00000005232944, z: 1, w: -1}
    - {x: -0.0000002669935, y: -0.00000005232944, z: 1, w: -1}
    - {x: -0.0000002669935, y: -0.00000005232944, z: 1, w: -1}
    - {x: 0.15444088, y: 0.9814681, z: 0.113438584, w: -1}
    - {x: 0.15444088, y: 0.9814681, z: 0.113438584, w: -1}
    - {x: 0.15444088, y: 0.9814681, z: 0.113438584, w: -1}
    - {x: -0.0000002471417, y: -0.00000033199314, z: 1, w: 1}
    - {x: -0.0000002471417, y: -0.00000033199314, z: 1, w: 1}
    - {x: -0.0000002471417, y: -0.00000033199314, z: 1, w: 1}
    - {x: -0.18281287, y: 0.30355343, z: 0.9351122, w: 1}
    - {x: -0.18281287, y: 0.30355343, z: 0.9351122, w: 1}
    - {x: -0.18281287, y: 0.30355343, z: 0.9351122, w: 1}
    - {x: 0.15444103, y: 0.9814681, z: 0.11343865, w: 1}
    - {x: 0.15444103, y: 0.9814681, z: 0.11343865, w: 1}
    - {x: 0.15444103, y: 0.9814681, z: 0.11343865, w: 1}
    - {x: 0.9829497, y: -0.14952268, z: -0.10701867, w: 1}
    - {x: 0.9829497, y: -0.14952268, z: -0.10701867, w: 1}
    - {x: 0.9829497, y: -0.14952268, z: -0.10701867, w: 1}
    - {x: 0.15444092, y: 0.9814681, z: -0.113438606, w: 1}
    - {x: 0.15444092, y: 0.9814681, z: -0.113438606, w: 1}
    - {x: 0.15444092, y: 0.9814681, z: -0.113438606, w: 1}
    - {x: 0, y: 0, z: 1, w: -1}
    - {x: 0, y: 0, z: 1, w: -1}
    - {x: 0, y: 0, z: 1, w: -1}
    - {x: -0.18281268, y: 0.30355346, z: 0.93511224, w: 1}
    - {x: -0.18281268, y: 0.30355346, z: 0.93511224, w: 1}
    - {x: -0.18281268, y: 0.30355346, z: 0.93511224, w: 1}
    - {x: 0.15444072, y: 0.98146814, z: -0.113438465, w: -1}
    - {x: 0.15444072, y: 0.98146814, z: -0.113438465, w: -1}
    - {x: 0.15444072, y: 0.98146814, z: -0.113438465, w: -1}
    - {x: 0.98294973, y: -0.14952223, z: 0.10701832, w: -1}
    - {x: 0.98294973, y: -0.14952223, z: 0.10701832, w: -1}
    - {x: 0.98294973, y: -0.14952223, z: 0.10701832, w: -1}
    - {x: -0.1828128, y: 0.30355316, z: 0.9351123, w: -1}
    - {x: -0.1828128, y: 0.30355316, z: 0.9351123, w: -1}
    - {x: -0.1828128, y: 0.30355316, z: 0.9351123, w: -1}
    - {x: 0.18281278, y: -0.30355328, z: 0.93511224, w: 1}
    - {x: 0.18281278, y: -0.30355328, z: 0.93511224, w: 1}
    - {x: 0.18281278, y: -0.30355328, z: 0.93511224, w: 1}
    - {x: -0.05829438, y: 0.98168516, z: -0.18137248, w: -1}
    - {x: -0.05829438, y: 0.98168516, z: -0.18137248, w: -1}
    - {x: -0.05829438, y: 0.98168516, z: -0.18137248, w: -1}
    - {x: -0.058294445, y: 0.9816851, z: -0.1813726, w: 1}
    - {x: -0.058294445, y: 0.9816851, z: -0.1813726, w: 1}
    - {x: -0.058294445, y: 0.9816851, z: -0.1813726, w: 1}
    - {x: 0.9829497, y: -0.14952266, z: -0.107018575, w: 1}
    - {x: 0.9829497, y: -0.14952266, z: -0.107018575, w: 1}
    - {x: 0.9829497, y: -0.14952266, z: -0.107018575, w: 1}
    - {x: 0.15444094, y: 0.9814681, z: -0.11343866, w: -1}
    - {x: 0.15444094, y: 0.9814681, z: -0.11343866, w: -1}
    - {x: 0.15444094, y: 0.9814681, z: -0.11343866, w: -1}
    - {x: 0.9829496, y: -0.1495229, z: 0.107018806, w: 1}
    - {x: 0.9829496, y: -0.1495229, z: 0.107018806, w: 1}
    - {x: 0.9829496, y: -0.1495229, z: 0.107018806, w: 1}
    - {x: 0.18281299, y: -0.30355322, z: 0.93511224, w: 1}
    - {x: 0.18281299, y: -0.30355322, z: 0.93511224, w: 1}
    - {x: 0.18281299, y: -0.30355322, z: 0.93511224, w: 1}
    - {x: -0.05829451, y: 0.9816851, z: 0.18137293, w: 1}
    - {x: -0.05829451, y: 0.9816851, z: 0.18137293, w: 1}
    - {x: -0.05829451, y: 0.9816851, z: 0.18137293, w: 1}
    - {x: 0.98294955, y: -0.14952308, z: 0.10701902, w: -1}
    - {x: 0.98294955, y: -0.14952308, z: 0.10701902, w: -1}
    - {x: 0.98294955, y: -0.14952308, z: 0.10701902, w: -1}
    - {x: 0.18281278, y: -0.303553, z: 0.9351123, w: -1}
    - {x: 0.18281278, y: -0.303553, z: 0.9351123, w: -1}
    - {x: 0.18281278, y: -0.303553, z: 0.9351123, w: -1}
    - {x: -0.058294583, y: 0.98168504, z: 0.18137302, w: 1}
    - {x: -0.058294583, y: 0.98168504, z: 0.18137302, w: 1}
    - {x: -0.058294583, y: 0.98168504, z: 0.18137302, w: 1}
    - {x: -0.058294546, y: 0.9816851, z: 0.18137278, w: -1}
    - {x: -0.058294546, y: 0.9816851, z: 0.18137278, w: -1}
    - {x: -0.058294546, y: 0.9816851, z: 0.18137278, w: -1}
    - {x: 0.98294955, y: -0.14952306, z: -0.10701907, w: -1}
    - {x: 0.98294955, y: -0.14952306, z: -0.10701907, w: -1}
    - {x: 0.98294955, y: -0.14952306, z: -0.10701907, w: -1}
    - {x: 0.15444082, y: 0.98146814, z: 0.113438584, w: 1}
    - {x: 0.15444082, y: 0.98146814, z: 0.113438584, w: 1}
    - {x: 0.15444082, y: 0.98146814, z: 0.113438584, w: 1}
    - {x: 0.1828127, y: -0.30355275, z: 0.9351124, w: -1}
    - {x: 0.1828127, y: -0.30355275, z: 0.9351124, w: -1}
    - {x: 0.1828127, y: -0.30355275, z: 0.9351124, w: -1}
    - {x: 0.15444091, y: 0.98146814, z: -0.1134385, w: 1}
    - {x: 0.15444091, y: 0.98146814, z: -0.1134385, w: 1}
    - {x: 0.15444091, y: 0.98146814, z: -0.1134385, w: 1}
    - {x: 0, y: 0, z: 1, w: -1}
    - {x: 0, y: 0, z: 1, w: -1}
    - {x: 0, y: 0, z: 1, w: -1}
    - {x: 0, y: 0, z: 1, w: -1}
    - {x: 0, y: 0, z: 1, w: -1}
    - {x: 0, y: 0, z: 1, w: -1}
    - {x: 0, y: 0, z: 1, w: -1}
    - {x: 0, y: 0, z: 1, w: -1}
    - {x: 0, y: 0, z: 1, w: -1}
    - {x: -0.1828128, y: 0.30355328, z: 0.93511224, w: -1}
    - {x: -0.1828128, y: 0.30355328, z: 0.93511224, w: -1}
    - {x: -0.1828128, y: 0.30355328, z: 0.93511224, w: -1}
    - {x: -0.18281262, y: 0.30355307, z: 0.9351123, w: -1}
    - {x: -0.18281262, y: 0.30355307, z: 0.9351123, w: -1}
    - {x: -0.18281262, y: 0.30355307, z: 0.9351123, w: -1}
    - {x: 0.18281278, y: -0.30355322, z: 0.9351123, w: -1}
    - {x: 0.18281278, y: -0.30355322, z: 0.9351123, w: -1}
    - {x: 0.18281278, y: -0.30355322, z: 0.9351123, w: -1}
    uv0:
    - {x: 0, y: 0, z: 0, w: 0}
    - {x: 0, y: 0, z: 0, w: 0}
    - {x: 0, y: 0, z: 0, w: 0}
    - {x: 0, y: 0, z: 0, w: 0}
    - {x: 0, y: 0, z: 0, w: 0}
    - {x: 0, y: 0, z: 0, w: 0}
    - {x: 0, y: 0, z: 0, w: 0}
    - {x: 0, y: 0, z: 0, w: 0}
    - {x: 0, y: 0, z: 0, w: 0}
    - {x: 0, y: 0, z: 0, w: 0}
    - {x: 0, y: 0, z: 0, w: 0}
    - {x: 0, y: 0, z: 0, w: 0}
    - {x: 0, y: 0, z: 0, w: 0}
    - {x: 0, y: 0, z: 0, w: 0}
    - {x: 0, y: 0, z: 0, w: 0}
    - {x: 0, y: 0, z: 0, w: 0}
    - {x: 0, y: 0, z: 0, w: 0}
    - {x: 0, y: 0, z: 0, w: 0}
    - {x: 0, y: 0, z: 0, w: 0}
    - {x: 0, y: 0, z: 0, w: 0}
    - {x: 0, y: 0, z: 0, w: 0}
    - {x: 0, y: 0, z: 0, w: 0}
    - {x: 0, y: 0, z: 0, w: 0}
    - {x: 0, y: 0, z: 0, w: 0}
    - {x: 0, y: 0, z: 0, w: 0}
    - {x: 0, y: 0, z: 0, w: 0}
    - {x: 0, y: 0, z: 0, w: 0}
    - {x: 0, y: 0, z: 0, w: 0}
    - {x: 0, y: 0, z: 0, w: 0}
    - {x: 0, y: 0, z: 0, w: 0}
    - {x: 0, y: 0, z: 0, w: 0}
    - {x: 0, y: 0, z: 0, w: 0}
    - {x: 0, y: 0, z: 0, w: 0}
    - {x: 0, y: 0, z: 0, w: 0}
    - {x: 0, y: 0, z: 0, w: 0}
    - {x: 0, y: 0, z: 0, w: 0}
    - {x: 0, y: 0, z: 0, w: 0}
    - {x: 0, y: 0, z: 0, w: 0}
    - {x: 0, y: 0, z: 0, w: 0}
    - {x: 0, y: 0, z: 0, w: 0}
    - {x: 0, y: 0, z: 0, w: 0}
    - {x: 0, y: 0, z: 0, w: 0}
    - {x: 0, y: 0, z: 0, w: 0}
    - {x: 0, y: 0, z: 0, w: 0}
    - {x: 0, y: 0, z: 0, w: 0}
    - {x: 0, y: 0, z: 0, w: 0}
    - {x: 0, y: 0, z: 0, w: 0}
    - {x: 0, y: 0, z: 0, w: 0}
    - {x: 0, y: 0, z: 0, w: 0}
    - {x: 0, y: 0, z: 0, w: 0}
    - {x: 0, y: 0, z: 0, w: 0}
    - {x: 0, y: 0, z: 0, w: 0}
    - {x: 0, y: 0, z: 0, w: 0}
    - {x: 0, y: 0, z: 0, w: 0}
    - {x: 0, y: 0, z: 0, w: 0}
    - {x: 0, y: 0, z: 0, w: 0}
    - {x: 0, y: 0, z: 0, w: 0}
    - {x: 0, y: 0, z: 0, w: 0}
    - {x: 0, y: 0, z: 0, w: 0}
    - {x: 0, y: 0, z: 0, w: 0}
    - {x: 0, y: 0, z: 0, w: 0}
    - {x: 0, y: 0, z: 0, w: 0}
    - {x: 0, y: 0, z: 0, w: 0}
    - {x: 0, y: 0, z: 0, w: 0}
    - {x: 0, y: 0, z: 0, w: 0}
    - {x: 0, y: 0, z: 0, w: 0}
    - {x: 0, y: 0, z: 0, w: 0}
    - {x: 0, y: 0, z: 0, w: 0}
    - {x: 0, y: 0, z: 0, w: 0}
    - {x: 0, y: 0, z: 0, w: 0}
    - {x: 0, y: 0, z: 0, w: 0}
    - {x: 0, y: 0, z: 0, w: 0}
    - {x: 0, y: 0, z: 0, w: 0}
    - {x: 0, y: 0, z: 0, w: 0}
    - {x: 0, y: 0, z: 0, w: 0}
    - {x: 0, y: 0, z: 0, w: 0}
    - {x: 0, y: 0, z: 0, w: 0}
    - {x: 0, y: 0, z: 0, w: 0}
    - {x: 0, y: 0, z: 0, w: 0}
    - {x: 0, y: 0, z: 0, w: 0}
    - {x: 0, y: 0, z: 0, w: 0}
    - {x: 0, y: 0, z: 0, w: 0}
    - {x: 0, y: 0, z: 0, w: 0}
    - {x: 0, y: 0, z: 0, w: 0}
    - {x: 0, y: 0, z: 0, w: 0}
    - {x: 0, y: 0, z: 0, w: 0}
    - {x: 0, y: 0, z: 0, w: 0}
    - {x: 0, y: 0, z: 0, w: 0}
    - {x: 0, y: 0, z: 0, w: 0}
    - {x: 0, y: 0, z: 0, w: 0}
    - {x: 0, y: 0, z: 0, w: 0}
    - {x: 0, y: 0, z: 0, w: 0}
    - {x: 0, y: 0, z: 0, w: 0}
    - {x: 0, y: 0, z: 0, w: 0}
    - {x: 0, y: 0, z: 0, w: 0}
    - {x: 0, y: 0, z: 0, w: 0}
    - {x: 0, y: 0, z: 0, w: 0}
    - {x: 0, y: 0, z: 0, w: 0}
    - {x: 0, y: 0, z: 0, w: 0}
    - {x: 0, y: 0, z: 0, w: 0}
    - {x: 0, y: 0, z: 0, w: 0}
    - {x: 0, y: 0, z: 0, w: 0}
    - {x: 0, y: 0, z: 0, w: 0}
    - {x: 0, y: 0, z: 0, w: 0}
    - {x: 0, y: 0, z: 0, w: 0}
    - {x: 0, y: 0, z: 0, w: 0}
    - {x: 0, y: 0, z: 0, w: 0}
    - {x: 0, y: 0, z: 0, w: 0}
    - {x: 0, y: 0, z: 0, w: 0}
    - {x: 0, y: 0, z: 0, w: 0}
    - {x: 0, y: 0, z: 0, w: 0}
    - {x: 0, y: 0, z: 0, w: 0}
    - {x: 0, y: 0, z: 0, w: 0}
    - {x: 0, y: 0, z: 0, w: 0}
    - {x: 0, y: 0, z: 0, w: 0}
    - {x: 0, y: 0, z: 0, w: 0}
    - {x: 0, y: 0, z: 0, w: 0}
    - {x: 0, y: 0, z: 0, w: 0}
    - {x: 0, y: 0, z: 0, w: 0}
    - {x: 0, y: 0, z: 0, w: 0}
    - {x: 0, y: 0, z: 0, w: 0}
    - {x: 0, y: 0, z: 0, w: 0}
    - {x: 0, y: 0, z: 0, w: 0}
    - {x: 0, y: 0, z: 0, w: 0}
    - {x: 0, y: 0, z: 0, w: 0}
    - {x: 0, y: 0, z: 0, w: 0}
    - {x: 0, y: 0, z: 0, w: 0}
    - {x: 0, y: 0, z: 0, w: 0}
    - {x: 0, y: 0, z: 0, w: 0}
    - {x: 0, y: 0, z: 0, w: 0}
    - {x: 0, y: 0, z: 0, w: 0}
    - {x: 0, y: 0, z: 0, w: 0}
    - {x: 0, y: 0, z: 0, w: 0}
    - {x: 0, y: 0, z: 0, w: 0}
    - {x: 0, y: 0, z: 0, w: 0}
    - {x: 0, y: 0, z: 0, w: 0}
    - {x: 0, y: 0, z: 0, w: 0}
    - {x: 0, y: 0, z: 0, w: 0}
    - {x: 0, y: 0, z: 0, w: 0}
    - {x: 0, y: 0, z: 0, w: 0}
    - {x: 0, y: 0, z: 0, w: 0}
    - {x: 0, y: 0, z: 0, w: 0}
    - {x: 0, y: 0, z: 0, w: 0}
    - {x: 0, y: 0, z: 0, w: 0}
    - {x: 0, y: 0, z: 0, w: 0}
    - {x: 0, y: 0, z: 0, w: 0}
    - {x: 0, y: 0, z: 0, w: 0}
    - {x: 0, y: 0, z: 0, w: 0}
    - {x: 0, y: 0, z: 0, w: 0}
    - {x: 0, y: 0, z: 0, w: 0}
    - {x: 0, y: 0, z: 0, w: 0}
    - {x: 0, y: 0, z: 0, w: 0}
    - {x: 0, y: 0, z: 0, w: 0}
    - {x: 0, y: 0, z: 0, w: 0}
    - {x: 0, y: 0, z: 0, w: 0}
    - {x: 0, y: 0, z: 0, w: 0}
    - {x: 0, y: 0, z: 0, w: 0}
    - {x: 0, y: 0, z: 0, w: 0}
    - {x: 0, y: 0, z: 0, w: 0}
    - {x: 0, y: 0, z: 0, w: 0}
    - {x: 0, y: 0, z: 0, w: 0}
    - {x: 0, y: 0, z: 0, w: 0}
    - {x: 0, y: 0, z: 0, w: 0}
    - {x: 0, y: 0, z: 0, w: 0}
    - {x: 0, y: 0, z: 0, w: 0}
    - {x: 0, y: 0, z: 0, w: 0}
    - {x: 0, y: 0, z: 0, w: 0}
    - {x: 0, y: 0, z: 0, w: 0}
    - {x: 0, y: 0, z: 0, w: 0}
    - {x: 0, y: 0, z: 0, w: 0}
    - {x: 0, y: 0, z: 0, w: 0}
    - {x: 0, y: 0, z: 0, w: 0}
    - {x: 0, y: 0, z: 0, w: 0}
    - {x: 0, y: 0, z: 0, w: 0}
    - {x: 0, y: 0, z: 0, w: 0}
    - {x: 0, y: 0, z: 0, w: 0}
    - {x: 0, y: 0, z: 0, w: 0}
    - {x: 0, y: 0, z: 0, w: 0}
    - {x: 0, y: 0, z: 0, w: 0}
    - {x: 0, y: 0, z: 0, w: 0}
    - {x: 0, y: 0, z: 0, w: 0}
    - {x: 0, y: 0, z: 0, w: 0}
    - {x: 0, y: 0, z: 0, w: 0}
    - {x: 0, y: 0, z: 0, w: 0}
    - {x: 0, y: 0, z: 0, w: 0}
    - {x: 0, y: 0, z: 0, w: 0}
    - {x: 0, y: 0, z: 0, w: 0}
    - {x: 0, y: 0, z: 0, w: 0}
    - {x: 0, y: 0, z: 0, w: 0}
    - {x: 0, y: 0, z: 0, w: 0}
    - {x: 0, y: 0, z: 0, w: 0}
    - {x: 0, y: 0, z: 0, w: 0}
    - {x: 0, y: 0, z: 0, w: 0}
    - {x: 0, y: 0, z: 0, w: 0}
    - {x: 0, y: 0, z: 0, w: 0}
    - {x: 0, y: 0, z: 0, w: 0}
    - {x: 0, y: 0, z: 0, w: 0}
    - {x: 0, y: 0, z: 0, w: 0}
    - {x: 0, y: 0, z: 0, w: 0}
    - {x: 0, y: 0, z: 0, w: 0}
    - {x: 0, y: 0, z: 0, w: 0}
    - {x: 0, y: 0, z: 0, w: 0}
    - {x: 0, y: 0, z: 0, w: 0}
    - {x: 0, y: 0, z: 0, w: 0}
    - {x: 0, y: 0, z: 0, w: 0}
    - {x: 0, y: 0, z: 0, w: 0}
    - {x: 0, y: 0, z: 0, w: 0}
    - {x: 0, y: 0, z: 0, w: 0}
    - {x: 0, y: 0, z: 0, w: 0}
    - {x: 0, y: 0, z: 0, w: 0}
    - {x: 0, y: 0, z: 0, w: 0}
    - {x: 0, y: 0, z: 0, w: 0}
    - {x: 0, y: 0, z: 0, w: 0}
    - {x: 0, y: 0, z: 0, w: 0}
    - {x: 0, y: 0, z: 0, w: 0}
    - {x: 0, y: 0, z: 0, w: 0}
    - {x: 0, y: 0, z: 0, w: 0}
    - {x: 0, y: 0, z: 0, w: 0}
    - {x: 0, y: 0, z: 0, w: 0}
    - {x: 0, y: 0, z: 0, w: 0}
    - {x: 0, y: 0, z: 0, w: 0}
    - {x: 0, y: 0, z: 0, w: 0}
    - {x: 0, y: 0, z: 0, w: 0}
    - {x: 0, y: 0, z: 0, w: 0}
    - {x: 0, y: 0, z: 0, w: 0}
    - {x: 0, y: 0, z: 0, w: 0}
    - {x: 0, y: 0, z: 0, w: 0}
    - {x: 0, y: 0, z: 0, w: 0}
    - {x: 0, y: 0, z: 0, w: 0}
    - {x: 0, y: 0, z: 0, w: 0}
    - {x: 0, y: 0, z: 0, w: 0}
    - {x: 0, y: 0, z: 0, w: 0}
    - {x: 0, y: 0, z: 0, w: 0}
    - {x: 0, y: 0, z: 0, w: 0}
    - {x: 0, y: 0, z: 0, w: 0}
    - {x: 0, y: 0, z: 0, w: 0}
    - {x: 0, y: 0, z: 0, w: 0}
    - {x: 0, y: 0, z: 0, w: 0}
    - {x: 0, y: 0, z: 0, w: 0}
    - {x: 0, y: 0, z: 0, w: 0}
    - {x: 0, y: 0, z: 0, w: 0}
    - {x: 0, y: 0, z: 0, w: 0}
    - {x: 0, y: 0, z: 0, w: 0}
    - {x: 0, y: 0, z: 0, w: 0}
    - {x: 0, y: 0, z: 0, w: 0}
    - {x: 0, y: 0, z: 0, w: 0}
    - {x: 0, y: 0, z: 0, w: 0}
    - {x: 0, y: 0, z: 0, w: 0}
    - {x: 0, y: 0, z: 0, w: 0}
    - {x: 0, y: 0, z: 0, w: 0}
    - {x: 0, y: 0, z: 0, w: 0}
    - {x: 0, y: 0, z: 0, w: 0}
    - {x: 0, y: 0, z: 0, w: 0}
    - {x: 0, y: 0, z: 0, w: 0}
    - {x: 0, y: 0, z: 0, w: 0}
    - {x: 0, y: 0, z: 0, w: 0}
    - {x: 0, y: 0, z: 0, w: 0}
    - {x: 0, y: 0, z: 0, w: 0}
    - {x: 0, y: 0, z: 0, w: 0}
    - {x: 0, y: 0, z: 0, w: 0}
    - {x: 0, y: 0, z: 0, w: 0}
    - {x: 0, y: 0, z: 0, w: 0}
    uv1: []
    uv2: []
    uv3: []
    m_Triangles: 00000000010000000200000000000000020000000300000004000000050000000600000004000000060000000700000008000000090000000a000000080000000a0000000b0000000c0000000d0000000e0000000c0000000e0000000f00000010000000110000001200000010000000120000001300000014000000100000001300000014000000130000001500000016000000140000001500000016000000150000001700000018000000190000001a000000180000001a0000001b0000001c0000001d0000001e0000001c0000001e0000001f0000002000000021000000220000002000000022000000230000002400000025000000260000002400000027000000250000002700000028000000250000002700000029000000280000002a0000002b0000002c0000002a0000002c0000002d0000002e0000002f000000300000002e00000030000000310000003200000033000000340000003200000034000000350000003600000037000000380000003600000038000000390000003a0000003b0000003c0000003a0000003c0000003d0000003e0000003f000000400000003e00000040000000410000004200000043000000440000004200000044000000450000004600000047000000480000004600000048000000490000004a0000004b0000004c0000004a0000004c0000004d0000004e0000004f000000500000004e000000500000005100000052000000530000005400000055000000560000005700000058000000590000005a0000005b0000005c0000005d0000005e0000005f000000600000006100000062000000630000006400000065000000660000006700000068000000690000006a0000006b0000006c0000006d0000006e0000006f000000700000007100000072000000730000007400000075000000760000007700000078000000790000007a0000007b0000007c0000007d0000007e0000007f000000800000008100000082000000830000008400000085000000860000008700000088000000890000008a0000008b0000008c0000008d0000008e0000008f000000900000009100000092000000930000009400000095000000960000009700000098000000990000009a0000009b0000009c0000009d0000009e0000009f000000a0000000a1000000a2000000a3000000a4000000a5000000a6000000a7000000a8000000a9000000aa000000ab000000ac000000ad000000ae000000af000000b0000000b1000000b2000000b3000000b4000000b5000000b6000000b7000000b8000000b9000000ba000000bb000000bc000000bd000000be000000bf000000c0000000c1000000c2000000c3000000c4000000c5000000c6000000c7000000c8000000c9000000ca000000cb000000cc000000cd000000ce000000cf000000d0000000d1000000d2000000d3000000d4000000d5000000d6000000d7000000d8000000d9000000da000000db000000dc000000dd000000de000000df000000e0000000e1000000e2000000e3000000e4000000e5000000e6000000e7000000e8000000e9000000ea000000eb000000ec000000ed000000ee000000ef000000f0000000f1000000f2000000f3000000f4000000f5000000f6000000f7000000f8000000f9000000fa000000fb000000fc000000fd000000fe000000ff000000000100000101000002010000030100000401000005010000
    m_SubMeshes:
    - m_Indexes: 00000000010000000200000000000000020000000300000004000000050000000600000004000000060000000700000008000000090000000a000000080000000a0000000b0000000c0000000d0000000e0000000c0000000e0000000f00000010000000110000001200000010000000120000001300000014000000100000001300000014000000130000001500000016000000140000001500000016000000150000001700000018000000190000001a000000180000001a0000001b0000001c0000001d0000001e0000001c0000001e0000001f0000002000000021000000220000002000000022000000230000002400000025000000260000002400000027000000250000002700000028000000250000002700000029000000280000002a0000002b0000002c0000002a0000002c0000002d0000002e0000002f000000300000002e00000030000000310000003200000033000000340000003200000034000000350000003600000037000000380000003600000038000000390000003a0000003b0000003c0000003a0000003c0000003d0000003e0000003f000000400000003e00000040000000410000004200000043000000440000004200000044000000450000004600000047000000480000004600000048000000490000004a0000004b0000004c0000004a0000004c0000004d0000004e0000004f000000500000004e0000005000000051000000
      m_Topology: 0
    - m_Indexes: 52000000530000005400000055000000560000005700000058000000590000005a0000005b0000005c0000005d0000005e0000005f000000600000006100000062000000630000006400000065000000660000006700000068000000690000006a0000006b0000006c0000006d0000006e0000006f000000700000007100000072000000730000007400000075000000760000007700000078000000790000007a0000007b0000007c0000007d0000007e0000007f000000800000008100000082000000830000008400000085000000860000008700000088000000890000008a0000008b0000008c0000008d0000008e0000008f000000900000009100000092000000930000009400000095000000960000009700000098000000990000009a0000009b0000009c0000009d0000009e0000009f000000a0000000a1000000a2000000a3000000a4000000a5000000a6000000a7000000a8000000a9000000aa000000ab000000ac000000ad000000ae000000af000000b0000000b1000000b2000000b3000000b4000000b5000000b6000000b7000000b8000000b9000000ba000000bb000000bc000000bd000000be000000bf000000c0000000c1000000c2000000c3000000c4000000c5000000c6000000c7000000c8000000c9000000ca000000cb000000cc000000cd000000ce000000cf000000d0000000d1000000d2000000d3000000d4000000d5000000d6000000d7000000d8000000d9000000da000000db000000dc000000dd000000de000000df000000e0000000e1000000e2000000e3000000e4000000e5000000e6000000e7000000e8000000e9000000ea000000eb000000ec000000ed000000ee000000ef000000f0000000f1000000f2000000f3000000f4000000f5000000f6000000f7000000f8000000f9000000fa000000fb000000fc000000fd000000fe000000ff000000000100000101000002010000030100000401000005010000
      m_Topology: 0
    m_Mesh: {fileID: 0}
  m_SkinMeshRef: {fileID: 0}
  m_OriginalMeshObject: {fileID: 4300000, guid: c9cfba535676c5746aea07a0f248194b,
    type: 3}
  m_Mode: 0
