%YAML 1.1
%TAG !u! tag:unity3d.com,2011:
--- !u!1 &961046987118748249
GameObject:
  m_ObjectHideFlags: 0
  m_CorrespondingSourceObject: {fileID: 0}
  m_PrefabInstance: {fileID: 0}
  m_PrefabAsset: {fileID: 0}
  serializedVersion: 6
  m_Component:
  - component: {fileID: 6067143185343000738}
  - component: {fileID: 4953277397684572072}
  - component: {fileID: 8111278770038205312}
  m_Layer: 5
  m_Name: Image
  m_TagString: Untagged
  m_Icon: {fileID: 0}
  m_NavMeshLayer: 0
  m_StaticEditorFlags: 0
  m_IsActive: 0
--- !u!224 &6067143185343000738
RectTransform:
  m_ObjectHideFlags: 0
  m_CorrespondingSourceObject: {fileID: 0}
  m_PrefabInstance: {fileID: 0}
  m_PrefabAsset: {fileID: 0}
  m_GameObject: {fileID: 961046987118748249}
  m_LocalRotation: {x: -0.258819, y: 0, z: 0, w: 0.9659259}
  m_LocalPosition: {x: 0, y: 0, z: -0.827}
  m_LocalScale: {x: 1, y: 1, z: 1}
  m_ConstrainProportionsScale: 0
  m_Children: []
  m_Father: {fileID: 5187753627017152394}
  m_RootOrder: 0
  m_LocalEulerAnglesHint: {x: -30, y: 0, z: 0}
  m_AnchorMin: {x: 0.5, y: 0.5}
  m_AnchorMax: {x: 0.5, y: 0.5}
  m_AnchoredPosition: {x: 0, y: 2}
  m_SizeDelta: {x: 1.2, y: 1.2}
  m_Pivot: {x: 0.5, y: 0.5}
--- !u!222 &4953277397684572072
CanvasRenderer:
  m_ObjectHideFlags: 0
  m_CorrespondingSourceObject: {fileID: 0}
  m_PrefabInstance: {fileID: 0}
  m_PrefabAsset: {fileID: 0}
  m_GameObject: {fileID: 961046987118748249}
  m_CullTransparentMesh: 1
--- !u!114 &8111278770038205312
MonoBehaviour:
  m_ObjectHideFlags: 0
  m_CorrespondingSourceObject: {fileID: 0}
  m_PrefabInstance: {fileID: 0}
  m_PrefabAsset: {fileID: 0}
  m_GameObject: {fileID: 961046987118748249}
  m_Enabled: 1
  m_EditorHideFlags: 0
  m_Script: {fileID: 11500000, guid: fe87c0e1cc204ed48ad3b37840f39efc, type: 3}
  m_Name: 
  m_EditorClassIdentifier: 
  m_Material: {fileID: 0}
  m_Color: {r: 1, g: 1, b: 1, a: 1}
  m_RaycastTarget: 1
  m_RaycastPadding: {x: 0, y: 0, z: 0, w: 0}
  m_Maskable: 1
  m_OnCullStateChanged:
    m_PersistentCalls:
      m_Calls: []
  m_Sprite: {fileID: 21300000, guid: 11b7eee54f11a8c49b0d0555621f1a44, type: 3}
  m_Type: 0
  m_PreserveAspect: 0
  m_FillCenter: 1
  m_FillMethod: 4
  m_FillAmount: 1
  m_FillClockwise: 1
  m_FillOrigin: 0
  m_UseSpriteMesh: 0
  m_PixelsPerUnitMultiplier: 1
--- !u!1 &2144273860606810039
GameObject:
  m_ObjectHideFlags: 0
  m_CorrespondingSourceObject: {fileID: 0}
  m_PrefabInstance: {fileID: 0}
  m_PrefabAsset: {fileID: 0}
  serializedVersion: 6
  m_Component:
  - component: {fileID: 1404627666644998574}
  - component: {fileID: 3040465612063096771}
  - component: {fileID: 1493014831983130820}
  m_Layer: 6
  m_Name: CuttingTable_Visual
  m_TagString: Untagged
  m_Icon: {fileID: 0}
  m_NavMeshLayer: 0
  m_StaticEditorFlags: 0
  m_IsActive: 1
--- !u!4 &1404627666644998574
Transform:
  m_ObjectHideFlags: 0
  m_CorrespondingSourceObject: {fileID: 0}
  m_PrefabInstance: {fileID: 0}
  m_PrefabAsset: {fileID: 0}
  m_GameObject: {fileID: 2144273860606810039}
  m_LocalRotation: {x: 0, y: 0, z: 0, w: 1}
  m_LocalPosition: {x: 0, y: 0, z: 0}
  m_LocalScale: {x: 1, y: 1, z: 1}
  m_ConstrainProportionsScale: 0
  m_Children:
  - {fileID: 6465069809244621596}
  - {fileID: 6017344375565794754}
  - {fileID: 384538242385764719}
  m_Father: {fileID: 6045946282273233230}
  m_RootOrder: 1
  m_LocalEulerAnglesHint: {x: 0, y: 0, z: 0}
--- !u!95 &3040465612063096771
Animator:
  serializedVersion: 5
  m_ObjectHideFlags: 0
  m_CorrespondingSourceObject: {fileID: 0}
  m_PrefabInstance: {fileID: 0}
  m_PrefabAsset: {fileID: 0}
  m_GameObject: {fileID: 2144273860606810039}
  m_Enabled: 1
  m_Avatar: {fileID: 0}
  m_Controller: {fileID: 9100000, guid: c7d2522196f8ed34c89c62a496406ebc, type: 2}
  m_CullingMode: 0
  m_UpdateMode: 0
  m_ApplyRootMotion: 0
  m_LinearVelocityBlending: 0
  m_StabilizeFeet: 0
  m_WarningMessage: 
  m_HasTransformHierarchy: 1
  m_AllowConstantClipSamplingOptimization: 1
  m_KeepAnimatorStateOnDisable: 0
  m_WriteDefaultValuesOnDisable: 0
--- !u!114 &1493014831983130820
MonoBehaviour:
  m_ObjectHideFlags: 0
  m_CorrespondingSourceObject: {fileID: 0}
  m_PrefabInstance: {fileID: 0}
  m_PrefabAsset: {fileID: 0}
  m_GameObject: {fileID: 2144273860606810039}
  m_Enabled: 1
  m_EditorHideFlags: 0
  m_Script: {fileID: 11500000, guid: 8eb2a5e13a679654383de3049ec307b0, type: 3}
  m_Name: 
  m_EditorClassIdentifier: 
  _cuttingTable: {fileID: 7581645958481615747}
--- !u!1 &5748878367661022335
GameObject:
  m_ObjectHideFlags: 0
  m_CorrespondingSourceObject: {fileID: 0}
  m_PrefabInstance: {fileID: 0}
  m_PrefabAsset: {fileID: 0}
  serializedVersion: 6
  m_Component:
  - component: {fileID: 5187753627017152394}
  - component: {fileID: 1706426366730627091}
  - component: {fileID: 7154202700847392967}
  - component: {fileID: 5720002016308164616}
  m_Layer: 5
  m_Name: Canvas
  m_TagString: Untagged
  m_Icon: {fileID: 0}
  m_NavMeshLayer: 0
  m_StaticEditorFlags: 0
  m_IsActive: 1
--- !u!224 &5187753627017152394
RectTransform:
  m_ObjectHideFlags: 0
  m_CorrespondingSourceObject: {fileID: 0}
  m_PrefabInstance: {fileID: 0}
  m_PrefabAsset: {fileID: 0}
  m_GameObject: {fileID: 5748878367661022335}
  m_LocalRotation: {x: 0, y: 0, z: 0, w: 1}
  m_LocalPosition: {x: 0, y: 0, z: 0}
  m_LocalScale: {x: 1, y: 1, z: 1}
  m_ConstrainProportionsScale: 0
  m_Children:
  - {fileID: 6067143185343000738}
  m_Father: {fileID: 6045946282273233230}
  m_RootOrder: 4
  m_LocalEulerAnglesHint: {x: 0, y: 0, z: 0}
  m_AnchorMin: {x: 0.5, y: 0.5}
  m_AnchorMax: {x: 0.5, y: 0.5}
  m_AnchoredPosition: {x: 0, y: 0}
  m_SizeDelta: {x: 100, y: 100}
  m_Pivot: {x: 0.5, y: 0.5}
--- !u!223 &1706426366730627091
Canvas:
  m_ObjectHideFlags: 0
  m_CorrespondingSourceObject: {fileID: 0}
  m_PrefabInstance: {fileID: 0}
  m_PrefabAsset: {fileID: 0}
  m_GameObject: {fileID: 5748878367661022335}
  m_Enabled: 1
  serializedVersion: 3
  m_RenderMode: 2
  m_Camera: {fileID: 0}
  m_PlaneDistance: 100
  m_PixelPerfect: 0
  m_ReceivesEvents: 1
  m_OverrideSorting: 0
  m_OverridePixelPerfect: 0
  m_SortingBucketNormalizedSize: 0
  m_AdditionalShaderChannelsFlag: 0
  m_SortingLayerID: 0
  m_SortingOrder: 0
  m_TargetDisplay: 0
--- !u!114 &7154202700847392967
MonoBehaviour:
  m_ObjectHideFlags: 0
  m_CorrespondingSourceObject: {fileID: 0}
  m_PrefabInstance: {fileID: 0}
  m_PrefabAsset: {fileID: 0}
  m_GameObject: {fileID: 5748878367661022335}
  m_Enabled: 1
  m_EditorHideFlags: 0
  m_Script: {fileID: 11500000, guid: 0cd44c1031e13a943bb63640046fad76, type: 3}
  m_Name: 
  m_EditorClassIdentifier: 
  m_UiScaleMode: 1
  m_ReferencePixelsPerUnit: 100
  m_ScaleFactor: 1
  m_ReferenceResolution: {x: 800, y: 600}
  m_ScreenMatchMode: 0
  m_MatchWidthOrHeight: 0
  m_PhysicalUnit: 3
  m_FallbackScreenDPI: 96
  m_DefaultSpriteDPI: 96
  m_DynamicPixelsPerUnit: 1
  m_PresetInfoIsWorld: 1
--- !u!114 &5720002016308164616
MonoBehaviour:
  m_ObjectHideFlags: 0
  m_CorrespondingSourceObject: {fileID: 0}
  m_PrefabInstance: {fileID: 0}
  m_PrefabAsset: {fileID: 0}
  m_GameObject: {fileID: 5748878367661022335}
  m_Enabled: 1
  m_EditorHideFlags: 0
  m_Script: {fileID: 11500000, guid: dc42784cf147c0c48a680349fa168899, type: 3}
  m_Name: 
  m_EditorClassIdentifier: 
  m_IgnoreReversedGraphics: 1
  m_BlockingObjects: 0
  m_BlockingMask:
    serializedVersion: 2
    m_Bits: 4294967295
--- !u!1 &8627200539660323380
GameObject:
  m_ObjectHideFlags: 0
  m_CorrespondingSourceObject: {fileID: 0}
  m_PrefabInstance: {fileID: 0}
  m_PrefabAsset: {fileID: 0}
  serializedVersion: 6
  m_Component:
  - component: {fileID: 956112113553041785}
  - component: {fileID: 8434689489985634137}
  m_Layer: 0
  m_Name: Selected
  m_TagString: Untagged
  m_Icon: {fileID: 0}
  m_NavMeshLayer: 0
  m_StaticEditorFlags: 0
  m_IsActive: 1
--- !u!4 &956112113553041785
Transform:
  m_ObjectHideFlags: 0
  m_CorrespondingSourceObject: {fileID: 0}
  m_PrefabInstance: {fileID: 0}
  m_PrefabAsset: {fileID: 0}
  m_GameObject: {fileID: 8627200539660323380}
  m_LocalRotation: {x: -0, y: -1, z: -0, w: 0}
  m_LocalPosition: {x: -0.008801619, y: -9.354806, z: -7.759994}
  m_LocalScale: {x: 0.83333313, y: 1, z: 0.83333313}
  m_ConstrainProportionsScale: 0
  m_Children:
  - {fileID: 3675872627168620084}
  - {fileID: 8157512806111920196}
  - {fileID: 7382630705757397114}
  m_Father: {fileID: 6045946282273233230}
  m_RootOrder: 2
  m_LocalEulerAnglesHint: {x: 0, y: 0, z: 0}
--- !u!114 &8434689489985634137
MonoBehaviour:
  m_ObjectHideFlags: 0
  m_CorrespondingSourceObject: {fileID: 0}
  m_PrefabInstance: {fileID: 0}
  m_PrefabAsset: {fileID: 0}
  m_GameObject: {fileID: 8627200539660323380}
  m_Enabled: 1
  m_EditorHideFlags: 0
  m_Script: {fileID: 11500000, guid: 2cc69726f0c9ad04cb7ad7aba59afb3b, type: 3}
  m_Name: 
  m_EditorClassIdentifier: 
  baseTable: {fileID: 7581645958481615747}
  visualGameObjectArray:
  - {fileID: 3991621548304207698}
  - {fileID: 5731292446977443581}
  - {fileID: 1980999083494437151}
--- !u!1001 &287453604174907409
PrefabInstance:
  m_ObjectHideFlags: 0
  serializedVersion: 2
  m_Modification:
    m_TransformParent: {fileID: 1404627666644998574}
    m_Modifications:
    - target: {fileID: 5799751572402173395, guid: 31f464a38c95d6043b774da511f3f326,
        type: 3}
      propertyPath: m_RootOrder
      value: 1
      objectReference: {fileID: 0}
    - target: {fileID: 5799751572402173395, guid: 31f464a38c95d6043b774da511f3f326,
        type: 3}
      propertyPath: m_LocalScale.x
      value: 1.6570827
      objectReference: {fileID: 0}
    - target: {fileID: 5799751572402173395, guid: 31f464a38c95d6043b774da511f3f326,
        type: 3}
      propertyPath: m_LocalScale.z
      value: 2.4498265
      objectReference: {fileID: 0}
    - target: {fileID: 5799751572402173395, guid: 31f464a38c95d6043b774da511f3f326,
        type: 3}
      propertyPath: m_LocalPosition.x
      value: 0
      objectReference: {fileID: 0}
    - target: {fileID: 5799751572402173395, guid: 31f464a38c95d6043b774da511f3f326,
        type: 3}
      propertyPath: m_LocalPosition.y
      value: 0.80000025
      objectReference: {fileID: 0}
    - target: {fileID: 5799751572402173395, guid: 31f464a38c95d6043b774da511f3f326,
        type: 3}
      propertyPath: m_LocalPosition.z
      value: -0.10299999
      objectReference: {fileID: 0}
    - target: {fileID: 5799751572402173395, guid: 31f464a38c95d6043b774da511f3f326,
        type: 3}
      propertyPath: m_LocalRotation.w
      value: 0.7071068
      objectReference: {fileID: 0}
    - target: {fileID: 5799751572402173395, guid: 31f464a38c95d6043b774da511f3f326,
        type: 3}
      propertyPath: m_LocalRotation.x
      value: -0
      objectReference: {fileID: 0}
    - target: {fileID: 5799751572402173395, guid: 31f464a38c95d6043b774da511f3f326,
        type: 3}
      propertyPath: m_LocalRotation.y
      value: -0.7071068
      objectReference: {fileID: 0}
    - target: {fileID: 5799751572402173395, guid: 31f464a38c95d6043b774da511f3f326,
        type: 3}
      propertyPath: m_LocalRotation.z
      value: -0
      objectReference: {fileID: 0}
    - target: {fileID: 5799751572402173395, guid: 31f464a38c95d6043b774da511f3f326,
        type: 3}
      propertyPath: m_LocalEulerAnglesHint.x
      value: 0
      objectReference: {fileID: 0}
    - target: {fileID: 5799751572402173395, guid: 31f464a38c95d6043b774da511f3f326,
        type: 3}
      propertyPath: m_LocalEulerAnglesHint.y
      value: 0
      objectReference: {fileID: 0}
    - target: {fileID: 5799751572402173395, guid: 31f464a38c95d6043b774da511f3f326,
        type: 3}
      propertyPath: m_LocalEulerAnglesHint.z
      value: 0
      objectReference: {fileID: 0}
    - target: {fileID: 7980433392950014826, guid: 31f464a38c95d6043b774da511f3f326,
        type: 3}
      propertyPath: m_Name
      value: chopping_board_2
      objectReference: {fileID: 0}
    m_RemovedComponents: []
  m_SourcePrefab: {fileID: 100100000, guid: 31f464a38c95d6043b774da511f3f326, type: 3}
--- !u!4 &6017344375565794754 stripped
Transform:
  m_CorrespondingSourceObject: {fileID: 5799751572402173395, guid: 31f464a38c95d6043b774da511f3f326,
    type: 3}
  m_PrefabInstance: {fileID: 287453604174907409}
  m_PrefabAsset: {fileID: 0}
--- !u!1001 &2025289784502159011
PrefabInstance:
  m_ObjectHideFlags: 0
  serializedVersion: 2
  m_Modification:
    m_TransformParent: {fileID: 956112113553041785}
    m_Modifications:
    - target: {fileID: 533301071220963260, guid: 04405d1dbe2b5be47a4a29c9ae29bc84,
        type: 3}
      propertyPath: m_Name
      value: Meed
      objectReference: {fileID: 0}
    - target: {fileID: 533301071220963260, guid: 04405d1dbe2b5be47a4a29c9ae29bc84,
        type: 3}
      propertyPath: m_IsActive
      value: 0
      objectReference: {fileID: 0}
    - target: {fileID: 6705226331857594604, guid: 04405d1dbe2b5be47a4a29c9ae29bc84,
        type: 3}
      propertyPath: m_Materials.Array.data[0]
      value: 
      objectReference: {fileID: 2100000, guid: 70b7e153f8f5cea4eaa457f8c48693c5, type: 2}
    - target: {fileID: 8822298606401038041, guid: 04405d1dbe2b5be47a4a29c9ae29bc84,
        type: 3}
      propertyPath: m_RootOrder
      value: 2
      objectReference: {fileID: 0}
    - target: {fileID: 8822298606401038041, guid: 04405d1dbe2b5be47a4a29c9ae29bc84,
        type: 3}
      propertyPath: m_LocalScale.x
      value: 1.2000002
      objectReference: {fileID: 0}
    - target: {fileID: 8822298606401038041, guid: 04405d1dbe2b5be47a4a29c9ae29bc84,
        type: 3}
      propertyPath: m_LocalScale.y
      value: 1.2000002
      objectReference: {fileID: 0}
    - target: {fileID: 8822298606401038041, guid: 04405d1dbe2b5be47a4a29c9ae29bc84,
        type: 3}
      propertyPath: m_LocalScale.z
      value: 1
      objectReference: {fileID: 0}
    - target: {fileID: 8822298606401038041, guid: 04405d1dbe2b5be47a4a29c9ae29bc84,
        type: 3}
      propertyPath: m_LocalPosition.x
      value: 0.05903817
      objectReference: {fileID: 0}
    - target: {fileID: 8822298606401038041, guid: 04405d1dbe2b5be47a4a29c9ae29bc84,
        type: 3}
      propertyPath: m_LocalPosition.y
      value: 10.118806
      objectReference: {fileID: 0}
    - target: {fileID: 8822298606401038041, guid: 04405d1dbe2b5be47a4a29c9ae29bc84,
        type: 3}
      propertyPath: m_LocalPosition.z
      value: -9.964795
      objectReference: {fileID: 0}
    - target: {fileID: 8822298606401038041, guid: 04405d1dbe2b5be47a4a29c9ae29bc84,
        type: 3}
      propertyPath: m_LocalRotation.w
      value: -0.5
      objectReference: {fileID: 0}
    - target: {fileID: 8822298606401038041, guid: 04405d1dbe2b5be47a4a29c9ae29bc84,
        type: 3}
      propertyPath: m_LocalRotation.x
      value: -0.5
      objectReference: {fileID: 0}
    - target: {fileID: 8822298606401038041, guid: 04405d1dbe2b5be47a4a29c9ae29bc84,
        type: 3}
      propertyPath: m_LocalRotation.y
      value: 0.5
      objectReference: {fileID: 0}
    - target: {fileID: 8822298606401038041, guid: 04405d1dbe2b5be47a4a29c9ae29bc84,
        type: 3}
      propertyPath: m_LocalRotation.z
      value: -0.5
      objectReference: {fileID: 0}
    - target: {fileID: 8822298606401038041, guid: 04405d1dbe2b5be47a4a29c9ae29bc84,
        type: 3}
      propertyPath: m_LocalEulerAnglesHint.x
      value: 90
      objectReference: {fileID: 0}
    - target: {fileID: 8822298606401038041, guid: 04405d1dbe2b5be47a4a29c9ae29bc84,
        type: 3}
      propertyPath: m_LocalEulerAnglesHint.y
      value: 0
      objectReference: {fileID: 0}
    - target: {fileID: 8822298606401038041, guid: 04405d1dbe2b5be47a4a29c9ae29bc84,
        type: 3}
      propertyPath: m_LocalEulerAnglesHint.z
      value: -90
      objectReference: {fileID: 0}
    m_RemovedComponents: []
  m_SourcePrefab: {fileID: 100100000, guid: 04405d1dbe2b5be47a4a29c9ae29bc84, type: 3}
--- !u!1 &1980999083494437151 stripped
GameObject:
  m_CorrespondingSourceObject: {fileID: 533301071220963260, guid: 04405d1dbe2b5be47a4a29c9ae29bc84,
    type: 3}
  m_PrefabInstance: {fileID: 2025289784502159011}
  m_PrefabAsset: {fileID: 0}
--- !u!4 &7382630705757397114 stripped
Transform:
  m_CorrespondingSourceObject: {fileID: 8822298606401038041, guid: 04405d1dbe2b5be47a4a29c9ae29bc84,
    type: 3}
  m_PrefabInstance: {fileID: 2025289784502159011}
  m_PrefabAsset: {fileID: 0}
--- !u!1001 &2398613198489728407
PrefabInstance:
  m_ObjectHideFlags: 0
  serializedVersion: 2
  m_Modification:
    m_TransformParent: {fileID: 956112113553041785}
    m_Modifications:
    - target: {fileID: 674949170229829996, guid: 31f464a38c95d6043b774da511f3f326,
        type: 3}
      propertyPath: m_Materials.Array.data[0]
      value: 
      objectReference: {fileID: 2100000, guid: 1a0afd856a35421469b28b916116fd9c, type: 2}
    - target: {fileID: 5799751572402173395, guid: 31f464a38c95d6043b774da511f3f326,
        type: 3}
      propertyPath: m_RootOrder
      value: 1
      objectReference: {fileID: 0}
    - target: {fileID: 5799751572402173395, guid: 31f464a38c95d6043b774da511f3f326,
        type: 3}
      propertyPath: m_LocalScale.x
      value: 1.9884998
      objectReference: {fileID: 0}
    - target: {fileID: 5799751572402173395, guid: 31f464a38c95d6043b774da511f3f326,
        type: 3}
      propertyPath: m_LocalScale.z
      value: 2.9397924
      objectReference: {fileID: 0}
    - target: {fileID: 5799751572402173395, guid: 31f464a38c95d6043b774da511f3f326,
        type: 3}
      propertyPath: m_LocalPosition.x
      value: -0.010561945
      objectReference: {fileID: 0}
    - target: {fileID: 5799751572402173395, guid: 31f464a38c95d6043b774da511f3f326,
        type: 3}
      propertyPath: m_LocalPosition.y
      value: 10.154806
      objectReference: {fileID: 0}
    - target: {fileID: 5799751572402173395, guid: 31f464a38c95d6043b774da511f3f326,
        type: 3}
      propertyPath: m_LocalPosition.z
      value: -9.188395
      objectReference: {fileID: 0}
    - target: {fileID: 5799751572402173395, guid: 31f464a38c95d6043b774da511f3f326,
        type: 3}
      propertyPath: m_LocalRotation.w
      value: 0.7071068
      objectReference: {fileID: 0}
    - target: {fileID: 5799751572402173395, guid: 31f464a38c95d6043b774da511f3f326,
        type: 3}
      propertyPath: m_LocalRotation.x
      value: -0
      objectReference: {fileID: 0}
    - target: {fileID: 5799751572402173395, guid: 31f464a38c95d6043b774da511f3f326,
        type: 3}
      propertyPath: m_LocalRotation.y
      value: 0.7071068
      objectReference: {fileID: 0}
    - target: {fileID: 5799751572402173395, guid: 31f464a38c95d6043b774da511f3f326,
        type: 3}
      propertyPath: m_LocalRotation.z
      value: -0
      objectReference: {fileID: 0}
    - target: {fileID: 5799751572402173395, guid: 31f464a38c95d6043b774da511f3f326,
        type: 3}
      propertyPath: m_LocalEulerAnglesHint.x
      value: 0
      objectReference: {fileID: 0}
    - target: {fileID: 5799751572402173395, guid: 31f464a38c95d6043b774da511f3f326,
        type: 3}
      propertyPath: m_LocalEulerAnglesHint.y
      value: 0
      objectReference: {fileID: 0}
    - target: {fileID: 5799751572402173395, guid: 31f464a38c95d6043b774da511f3f326,
        type: 3}
      propertyPath: m_LocalEulerAnglesHint.z
      value: 0
      objectReference: {fileID: 0}
    - target: {fileID: 7980433392950014826, guid: 31f464a38c95d6043b774da511f3f326,
        type: 3}
      propertyPath: m_Name
      value: chopping_board_2
      objectReference: {fileID: 0}
    - target: {fileID: 7980433392950014826, guid: 31f464a38c95d6043b774da511f3f326,
        type: 3}
      propertyPath: m_IsActive
      value: 0
      objectReference: {fileID: 0}
    m_RemovedComponents: []
  m_SourcePrefab: {fileID: 100100000, guid: 31f464a38c95d6043b774da511f3f326, type: 3}
--- !u!1 &5731292446977443581 stripped
GameObject:
  m_CorrespondingSourceObject: {fileID: 7980433392950014826, guid: 31f464a38c95d6043b774da511f3f326,
    type: 3}
  m_PrefabInstance: {fileID: 2398613198489728407}
  m_PrefabAsset: {fileID: 0}
--- !u!4 &8157512806111920196 stripped
Transform:
  m_CorrespondingSourceObject: {fileID: 5799751572402173395, guid: 31f464a38c95d6043b774da511f3f326,
    type: 3}
  m_PrefabInstance: {fileID: 2398613198489728407}
  m_PrefabAsset: {fileID: 0}
--- !u!1001 &2788868913113984079
PrefabInstance:
  m_ObjectHideFlags: 0
  serializedVersion: 2
  m_Modification:
    m_TransformParent: {fileID: 0}
    m_Modifications:
    - target: {fileID: 5238732948117347379, guid: e3a497252317ba5459e0f1f35bb0d890,
        type: 3}
      propertyPath: m_LocalPosition.y
      value: 1
      objectReference: {fileID: 0}
    - target: {fileID: 5238732948117347379, guid: e3a497252317ba5459e0f1f35bb0d890,
        type: 3}
      propertyPath: m_LocalPosition.z
      value: -0.111
      objectReference: {fileID: 0}
    - target: {fileID: 8454252230738228481, guid: e3a497252317ba5459e0f1f35bb0d890,
        type: 3}
      propertyPath: m_RootOrder
      value: 0
      objectReference: {fileID: 0}
    - target: {fileID: 8454252230738228481, guid: e3a497252317ba5459e0f1f35bb0d890,
        type: 3}
      propertyPath: m_LocalScale.x
      value: 1.2
      objectReference: {fileID: 0}
    - target: {fileID: 8454252230738228481, guid: e3a497252317ba5459e0f1f35bb0d890,
        type: 3}
      propertyPath: m_LocalScale.z
      value: 1.2
      objectReference: {fileID: 0}
    - target: {fileID: 8454252230738228481, guid: e3a497252317ba5459e0f1f35bb0d890,
        type: 3}
      propertyPath: m_LocalPosition.x
      value: -9.61
      objectReference: {fileID: 0}
    - target: {fileID: 8454252230738228481, guid: e3a497252317ba5459e0f1f35bb0d890,
        type: 3}
      propertyPath: m_LocalPosition.y
      value: -0.2
      objectReference: {fileID: 0}
    - target: {fileID: 8454252230738228481, guid: e3a497252317ba5459e0f1f35bb0d890,
        type: 3}
      propertyPath: m_LocalPosition.z
      value: 5.7469997
      objectReference: {fileID: 0}
    - target: {fileID: 8454252230738228481, guid: e3a497252317ba5459e0f1f35bb0d890,
        type: 3}
      propertyPath: m_LocalRotation.w
      value: 0
      objectReference: {fileID: 0}
    - target: {fileID: 8454252230738228481, guid: e3a497252317ba5459e0f1f35bb0d890,
        type: 3}
      propertyPath: m_LocalRotation.x
      value: -0
      objectReference: {fileID: 0}
    - target: {fileID: 8454252230738228481, guid: e3a497252317ba5459e0f1f35bb0d890,
        type: 3}
      propertyPath: m_LocalRotation.y
      value: 1
      objectReference: {fileID: 0}
    - target: {fileID: 8454252230738228481, guid: e3a497252317ba5459e0f1f35bb0d890,
        type: 3}
      propertyPath: m_LocalRotation.z
      value: -0
      objectReference: {fileID: 0}
    - target: {fileID: 8454252230738228481, guid: e3a497252317ba5459e0f1f35bb0d890,
        type: 3}
      propertyPath: m_LocalEulerAnglesHint.x
      value: 0
      objectReference: {fileID: 0}
    - target: {fileID: 8454252230738228481, guid: e3a497252317ba5459e0f1f35bb0d890,
        type: 3}
      propertyPath: m_LocalEulerAnglesHint.y
      value: 180
      objectReference: {fileID: 0}
    - target: {fileID: 8454252230738228481, guid: e3a497252317ba5459e0f1f35bb0d890,
        type: 3}
      propertyPath: m_LocalEulerAnglesHint.z
      value: 0
      objectReference: {fileID: 0}
    - target: {fileID: 8454252230738228482, guid: e3a497252317ba5459e0f1f35bb0d890,
        type: 3}
      propertyPath: m_Size.x
      value: 2
      objectReference: {fileID: 0}
    - target: {fileID: 8454252230738228482, guid: e3a497252317ba5459e0f1f35bb0d890,
        type: 3}
      propertyPath: m_Size.y
      value: 2
      objectReference: {fileID: 0}
    - target: {fileID: 8454252230738228482, guid: e3a497252317ba5459e0f1f35bb0d890,
        type: 3}
      propertyPath: m_Size.z
      value: 2
      objectReference: {fileID: 0}
    - target: {fileID: 8454252230738228483, guid: e3a497252317ba5459e0f1f35bb0d890,
        type: 3}
      propertyPath: m_Icon
      value: 
      objectReference: {fileID: 3936346786652291628, guid: 0000000000000000d000000000000000,
        type: 0}
    - target: {fileID: 8454252230738228483, guid: e3a497252317ba5459e0f1f35bb0d890,
        type: 3}
      propertyPath: m_Name
      value: Cutting
      objectReference: {fileID: 0}
    - target: {fileID: 8454252230738228483, guid: e3a497252317ba5459e0f1f35bb0d890,
        type: 3}
      propertyPath: m_IsActive
      value: 1
      objectReference: {fileID: 0}
    m_RemovedComponents:
    - {fileID: 3054177144629019696, guid: e3a497252317ba5459e0f1f35bb0d890, type: 3}
  m_SourcePrefab: {fileID: 100100000, guid: e3a497252317ba5459e0f1f35bb0d890, type: 3}
--- !u!1 &6045946282273233228 stripped
GameObject:
  m_CorrespondingSourceObject: {fileID: 8454252230738228483, guid: e3a497252317ba5459e0f1f35bb0d890,
    type: 3}
  m_PrefabInstance: {fileID: 2788868913113984079}
  m_PrefabAsset: {fileID: 0}
--- !u!114 &7581645958481615747
MonoBehaviour:
  m_ObjectHideFlags: 0
  m_CorrespondingSourceObject: {fileID: 0}
  m_PrefabInstance: {fileID: 0}
  m_PrefabAsset: {fileID: 0}
  m_GameObject: {fileID: 6045946282273233228}
  m_Enabled: 1
  m_EditorHideFlags: 0
  m_Script: {fileID: 11500000, guid: a815d360e47dccd43b252b17c6a8ddcc, type: 3}
  m_Name: 
  m_EditorClassIdentifier: 
  counterTopPointPerfeb: {fileID: 7928510573961195644}
  cuttingRecipeSOArray:
  - {fileID: 11400000, guid: 8db70040b11d61143969bfb05f4e4625, type: 2}
  - {fileID: 11400000, guid: 478b16eb8666bcc4ea8126d821f43962, type: 2}
  - {fileID: 11400000, guid: 0ad994db9c1367b44b736fc6cc5540f7, type: 2}
  - {fileID: 11400000, guid: a7085b3bd8a58084596ce5b14815e0bf, type: 2}
  - {fileID: 11400000, guid: f4e7c36494c208341b9b67feea86b46c, type: 2}
  - {fileID: 11400000, guid: f9a507fb4978e914da335d9612ac80cb, type: 2}
--- !u!114 &2733982268341675441
MonoBehaviour:
  m_ObjectHideFlags: 0
  m_CorrespondingSourceObject: {fileID: 0}
  m_PrefabInstance: {fileID: 0}
  m_PrefabAsset: {fileID: 0}
  m_GameObject: {fileID: 6045946282273233228}
  m_Enabled: 1
  m_EditorHideFlags: 0
  m_Script: {fileID: 11500000, guid: 6e93ddfa1877c2c47b2a8efd225c8459, type: 3}
  m_Name: 
  m_EditorClassIdentifier: 
  m_image: {fileID: 8111278770038205312}
--- !u!4 &6045946282273233230 stripped
Transform:
  m_CorrespondingSourceObject: {fileID: 8454252230738228481, guid: e3a497252317ba5459e0f1f35bb0d890,
    type: 3}
  m_PrefabInstance: {fileID: 2788868913113984079}
  m_PrefabAsset: {fileID: 0}
--- !u!4 &7928510573961195644 stripped
Transform:
  m_CorrespondingSourceObject: {fileID: 5238732948117347379, guid: e3a497252317ba5459e0f1f35bb0d890,
    type: 3}
  m_PrefabInstance: {fileID: 2788868913113984079}
  m_PrefabAsset: {fileID: 0}
--- !u!1001 &2988845273120707286
PrefabInstance:
  m_ObjectHideFlags: 0
  serializedVersion: 2
  m_Modification:
    m_TransformParent: {fileID: 956112113553041785}
    m_Modifications:
    - target: {fileID: 1907785017115852002, guid: 093dc93d5857da146a4543e5338aefc9,
        type: 3}
      propertyPath: m_RootOrder
      value: 0
      objectReference: {fileID: 0}
    - target: {fileID: 1907785017115852002, guid: 093dc93d5857da146a4543e5338aefc9,
        type: 3}
      propertyPath: m_LocalScale.x
      value: 1.2000002
      objectReference: {fileID: 0}
    - target: {fileID: 1907785017115852002, guid: 093dc93d5857da146a4543e5338aefc9,
        type: 3}
      propertyPath: m_LocalScale.z
      value: 1.2000002
      objectReference: {fileID: 0}
    - target: {fileID: 1907785017115852002, guid: 093dc93d5857da146a4543e5338aefc9,
        type: 3}
      propertyPath: m_LocalPosition.x
      value: -0.010561945
      objectReference: {fileID: 0}
    - target: {fileID: 1907785017115852002, guid: 093dc93d5857da146a4543e5338aefc9,
        type: 3}
      propertyPath: m_LocalPosition.y
      value: 9.354806
      objectReference: {fileID: 0}
    - target: {fileID: 1907785017115852002, guid: 093dc93d5857da146a4543e5338aefc9,
        type: 3}
      propertyPath: m_LocalPosition.z
      value: -9.3119955
      objectReference: {fileID: 0}
    - target: {fileID: 1907785017115852002, guid: 093dc93d5857da146a4543e5338aefc9,
        type: 3}
      propertyPath: m_LocalRotation.w
      value: 0
      objectReference: {fileID: 0}
    - target: {fileID: 1907785017115852002, guid: 093dc93d5857da146a4543e5338aefc9,
        type: 3}
      propertyPath: m_LocalRotation.x
      value: -0
      objectReference: {fileID: 0}
    - target: {fileID: 1907785017115852002, guid: 093dc93d5857da146a4543e5338aefc9,
        type: 3}
      propertyPath: m_LocalRotation.y
      value: 1
      objectReference: {fileID: 0}
    - target: {fileID: 1907785017115852002, guid: 093dc93d5857da146a4543e5338aefc9,
        type: 3}
      propertyPath: m_LocalRotation.z
      value: -0
      objectReference: {fileID: 0}
    - target: {fileID: 1907785017115852002, guid: 093dc93d5857da146a4543e5338aefc9,
        type: 3}
      propertyPath: m_LocalEulerAnglesHint.x
      value: 0
      objectReference: {fileID: 0}
    - target: {fileID: 1907785017115852002, guid: 093dc93d5857da146a4543e5338aefc9,
        type: 3}
      propertyPath: m_LocalEulerAnglesHint.y
      value: 0
      objectReference: {fileID: 0}
    - target: {fileID: 1907785017115852002, guid: 093dc93d5857da146a4543e5338aefc9,
        type: 3}
      propertyPath: m_LocalEulerAnglesHint.z
      value: 0
      objectReference: {fileID: 0}
    - target: {fileID: 2170616646404709764, guid: 093dc93d5857da146a4543e5338aefc9,
        type: 3}
      propertyPath: m_Name
      value: Table
      objectReference: {fileID: 0}
    - target: {fileID: 2170616646404709764, guid: 093dc93d5857da146a4543e5338aefc9,
        type: 3}
      propertyPath: m_IsActive
      value: 0
      objectReference: {fileID: 0}
    - target: {fileID: 6439542031743487460, guid: 093dc93d5857da146a4543e5338aefc9,
        type: 3}
      propertyPath: m_Materials.Array.data[0]
      value: 
      objectReference: {fileID: 2100000, guid: 1a0afd856a35421469b28b916116fd9c, type: 2}
    m_RemovedComponents: []
  m_SourcePrefab: {fileID: 100100000, guid: 093dc93d5857da146a4543e5338aefc9, type: 3}
--- !u!4 &3675872627168620084 stripped
Transform:
  m_CorrespondingSourceObject: {fileID: 1907785017115852002, guid: 093dc93d5857da146a4543e5338aefc9,
    type: 3}
  m_PrefabInstance: {fileID: 2988845273120707286}
  m_PrefabAsset: {fileID: 0}
--- !u!1 &3991621548304207698 stripped
GameObject:
  m_CorrespondingSourceObject: {fileID: 2170616646404709764, guid: 093dc93d5857da146a4543e5338aefc9,
    type: 3}
  m_PrefabInstance: {fileID: 2988845273120707286}
  m_PrefabAsset: {fileID: 0}
--- !u!1001 &4882283395761076222
PrefabInstance:
  m_ObjectHideFlags: 0
  serializedVersion: 2
  m_Modification:
    m_TransformParent: {fileID: 1404627666644998574}
    m_Modifications:
    - target: {fileID: 1907785017115852002, guid: 093dc93d5857da146a4543e5338aefc9,
        type: 3}
      propertyPath: m_RootOrder
      value: 0
      objectReference: {fileID: 0}
    - target: {fileID: 1907785017115852002, guid: 093dc93d5857da146a4543e5338aefc9,
        type: 3}
      propertyPath: m_LocalScale.x
      value: 0.99999994
      objectReference: {fileID: 0}
    - target: {fileID: 1907785017115852002, guid: 093dc93d5857da146a4543e5338aefc9,
        type: 3}
      propertyPath: m_LocalScale.z
      value: 0.99999994
      objectReference: {fileID: 0}
    - target: {fileID: 1907785017115852002, guid: 093dc93d5857da146a4543e5338aefc9,
        type: 3}
      propertyPath: m_LocalPosition.x
      value: 0
      objectReference: {fileID: 0}
    - target: {fileID: 1907785017115852002, guid: 093dc93d5857da146a4543e5338aefc9,
        type: 3}
      propertyPath: m_LocalPosition.y
      value: 0.000000014901161
      objectReference: {fileID: 0}
    - target: {fileID: 1907785017115852002, guid: 093dc93d5857da146a4543e5338aefc9,
        type: 3}
      propertyPath: m_LocalPosition.z
      value: 0.00000039736426
      objectReference: {fileID: 0}
    - target: {fileID: 1907785017115852002, guid: 093dc93d5857da146a4543e5338aefc9,
        type: 3}
      propertyPath: m_LocalRotation.w
      value: 1
      objectReference: {fileID: 0}
    - target: {fileID: 1907785017115852002, guid: 093dc93d5857da146a4543e5338aefc9,
        type: 3}
      propertyPath: m_LocalRotation.x
      value: -0
      objectReference: {fileID: 0}
    - target: {fileID: 1907785017115852002, guid: 093dc93d5857da146a4543e5338aefc9,
        type: 3}
      propertyPath: m_LocalRotation.y
      value: -0
      objectReference: {fileID: 0}
    - target: {fileID: 1907785017115852002, guid: 093dc93d5857da146a4543e5338aefc9,
        type: 3}
      propertyPath: m_LocalRotation.z
      value: -0
      objectReference: {fileID: 0}
    - target: {fileID: 1907785017115852002, guid: 093dc93d5857da146a4543e5338aefc9,
        type: 3}
      propertyPath: m_LocalEulerAnglesHint.x
      value: 0
      objectReference: {fileID: 0}
    - target: {fileID: 1907785017115852002, guid: 093dc93d5857da146a4543e5338aefc9,
        type: 3}
      propertyPath: m_LocalEulerAnglesHint.y
      value: 0
      objectReference: {fileID: 0}
    - target: {fileID: 1907785017115852002, guid: 093dc93d5857da146a4543e5338aefc9,
        type: 3}
      propertyPath: m_LocalEulerAnglesHint.z
      value: 0
      objectReference: {fileID: 0}
    - target: {fileID: 2170616646404709764, guid: 093dc93d5857da146a4543e5338aefc9,
        type: 3}
      propertyPath: m_Name
      value: Table
      objectReference: {fileID: 0}
    m_RemovedComponents: []
  m_SourcePrefab: {fileID: 100100000, guid: 093dc93d5857da146a4543e5338aefc9, type: 3}
--- !u!4 &6465069809244621596 stripped
Transform:
  m_CorrespondingSourceObject: {fileID: 1907785017115852002, guid: 093dc93d5857da146a4543e5338aefc9,
    type: 3}
  m_PrefabInstance: {fileID: 4882283395761076222}
  m_PrefabAsset: {fileID: 0}
--- !u!1001 &5277196358189898715
PrefabInstance:
  m_ObjectHideFlags: 0
  serializedVersion: 2
  m_Modification:
    m_TransformParent: {fileID: 6045946282273233230}
    m_Modifications:
    - target: {fileID: 223850064949716420, guid: 581b9b7311185204d8ee997a77d18cf3,
        type: 3}
      propertyPath: m_SizeDelta.x
      value: 1.5
      objectReference: {fileID: 0}
    - target: {fileID: 3115581532759606579, guid: 581b9b7311185204d8ee997a77d18cf3,
        type: 3}
      propertyPath: cuttingTable
      value: 
      objectReference: {fileID: 7581645958481615747}
    - target: {fileID: 3115581532759606579, guid: 581b9b7311185204d8ee997a77d18cf3,
        type: 3}
      propertyPath: ProgressGameObject
      value: 
      objectReference: {fileID: 6045946282273233228}
    - target: {fileID: 4122799756968538967, guid: 581b9b7311185204d8ee997a77d18cf3,
        type: 3}
      propertyPath: m_SizeDelta.x
      value: 1.5
      objectReference: {fileID: 0}
    - target: {fileID: 4307464849477478138, guid: 581b9b7311185204d8ee997a77d18cf3,
        type: 3}
      propertyPath: m_Name
      value: ProgressBar
      objectReference: {fileID: 0}
    - target: {fileID: 8344517742033949733, guid: 581b9b7311185204d8ee997a77d18cf3,
        type: 3}
      propertyPath: m_Pivot.x
      value: 0.5
      objectReference: {fileID: 0}
    - target: {fileID: 8344517742033949733, guid: 581b9b7311185204d8ee997a77d18cf3,
        type: 3}
      propertyPath: m_Pivot.y
      value: 0.5
      objectReference: {fileID: 0}
    - target: {fileID: 8344517742033949733, guid: 581b9b7311185204d8ee997a77d18cf3,
        type: 3}
      propertyPath: m_RootOrder
      value: 3
      objectReference: {fileID: 0}
    - target: {fileID: 8344517742033949733, guid: 581b9b7311185204d8ee997a77d18cf3,
        type: 3}
      propertyPath: m_AnchorMax.x
      value: 0
      objectReference: {fileID: 0}
    - target: {fileID: 8344517742033949733, guid: 581b9b7311185204d8ee997a77d18cf3,
        type: 3}
      propertyPath: m_AnchorMax.y
      value: 0
      objectReference: {fileID: 0}
    - target: {fileID: 8344517742033949733, guid: 581b9b7311185204d8ee997a77d18cf3,
        type: 3}
      propertyPath: m_AnchorMin.x
      value: 0
      objectReference: {fileID: 0}
    - target: {fileID: 8344517742033949733, guid: 581b9b7311185204d8ee997a77d18cf3,
        type: 3}
      propertyPath: m_AnchorMin.y
      value: 0
      objectReference: {fileID: 0}
    - target: {fileID: 8344517742033949733, guid: 581b9b7311185204d8ee997a77d18cf3,
        type: 3}
      propertyPath: m_SizeDelta.x
      value: 0
      objectReference: {fileID: 0}
    - target: {fileID: 8344517742033949733, guid: 581b9b7311185204d8ee997a77d18cf3,
        type: 3}
      propertyPath: m_SizeDelta.y
      value: 0
      objectReference: {fileID: 0}
    - target: {fileID: 8344517742033949733, guid: 581b9b7311185204d8ee997a77d18cf3,
        type: 3}
      propertyPath: m_LocalPosition.x
      value: 0
      objectReference: {fileID: 0}
    - target: {fileID: 8344517742033949733, guid: 581b9b7311185204d8ee997a77d18cf3,
        type: 3}
      propertyPath: m_LocalPosition.y
      value: 0
      objectReference: {fileID: 0}
    - target: {fileID: 8344517742033949733, guid: 581b9b7311185204d8ee997a77d18cf3,
        type: 3}
      propertyPath: m_LocalPosition.z
      value: 0
      objectReference: {fileID: 0}
    - target: {fileID: 8344517742033949733, guid: 581b9b7311185204d8ee997a77d18cf3,
        type: 3}
      propertyPath: m_LocalRotation.w
      value: 0
      objectReference: {fileID: 0}
    - target: {fileID: 8344517742033949733, guid: 581b9b7311185204d8ee997a77d18cf3,
        type: 3}
      propertyPath: m_LocalRotation.x
      value: -0
      objectReference: {fileID: 0}
    - target: {fileID: 8344517742033949733, guid: 581b9b7311185204d8ee997a77d18cf3,
        type: 3}
      propertyPath: m_LocalRotation.y
      value: -1
      objectReference: {fileID: 0}
    - target: {fileID: 8344517742033949733, guid: 581b9b7311185204d8ee997a77d18cf3,
        type: 3}
      propertyPath: m_LocalRotation.z
      value: -0
      objectReference: {fileID: 0}
    - target: {fileID: 8344517742033949733, guid: 581b9b7311185204d8ee997a77d18cf3,
        type: 3}
      propertyPath: m_AnchoredPosition.x
      value: 0
      objectReference: {fileID: 0}
    - target: {fileID: 8344517742033949733, guid: 581b9b7311185204d8ee997a77d18cf3,
        type: 3}
      propertyPath: m_AnchoredPosition.y
      value: 2
      objectReference: {fileID: 0}
    - target: {fileID: 8344517742033949733, guid: 581b9b7311185204d8ee997a77d18cf3,
        type: 3}
      propertyPath: m_LocalEulerAnglesHint.x
      value: 0
      objectReference: {fileID: 0}
    - target: {fileID: 8344517742033949733, guid: 581b9b7311185204d8ee997a77d18cf3,
        type: 3}
      propertyPath: m_LocalEulerAnglesHint.y
      value: 0
      objectReference: {fileID: 0}
    - target: {fileID: 8344517742033949733, guid: 581b9b7311185204d8ee997a77d18cf3,
        type: 3}
      propertyPath: m_LocalEulerAnglesHint.z
      value: 0
      objectReference: {fileID: 0}
    m_RemovedComponents: []
  m_SourcePrefab: {fileID: 100100000, guid: 581b9b7311185204d8ee997a77d18cf3, type: 3}
--- !u!1 &8285337253655543073 stripped
GameObject:
  m_CorrespondingSourceObject: {fileID: 4307464849477478138, guid: 581b9b7311185204d8ee997a77d18cf3,
    type: 3}
  m_PrefabInstance: {fileID: 5277196358189898715}
  m_PrefabAsset: {fileID: 0}
--- !u!114 &1973765919
MonoBehaviour:
  m_ObjectHideFlags: 0
  m_CorrespondingSourceObject: {fileID: 0}
  m_PrefabInstance: {fileID: 0}
  m_PrefabAsset: {fileID: 0}
  m_GameObject: {fileID: 8285337253655543073}
  m_Enabled: 1
  m_EditorHideFlags: 0
  m_Script: {fileID: 11500000, guid: b459a4b0a18152346b6e3e6bb914f274, type: 3}
  m_Name: 
  m_EditorClassIdentifier: 
  mode: 0
--- !u!1001 &9167427413989246902
PrefabInstance:
  m_ObjectHideFlags: 0
  serializedVersion: 2
  m_Modification:
    m_TransformParent: {fileID: 1404627666644998574}
    m_Modifications:
    - target: {fileID: 533301071220963260, guid: 04405d1dbe2b5be47a4a29c9ae29bc84,
        type: 3}
      propertyPath: m_Name
      value: Meed
      objectReference: {fileID: 0}
    - target: {fileID: 8822298606401038041, guid: 04405d1dbe2b5be47a4a29c9ae29bc84,
        type: 3}
      propertyPath: m_RootOrder
      value: 2
      objectReference: {fileID: 0}
    - target: {fileID: 8822298606401038041, guid: 04405d1dbe2b5be47a4a29c9ae29bc84,
        type: 3}
      propertyPath: m_LocalScale.x
      value: 0.99999994
      objectReference: {fileID: 0}
    - target: {fileID: 8822298606401038041, guid: 04405d1dbe2b5be47a4a29c9ae29bc84,
        type: 3}
      propertyPath: m_LocalScale.y
      value: 0.99999994
      objectReference: {fileID: 0}
    - target: {fileID: 8822298606401038041, guid: 04405d1dbe2b5be47a4a29c9ae29bc84,
        type: 3}
      propertyPath: m_LocalScale.z
      value: 1
      objectReference: {fileID: 0}
    - target: {fileID: 8822298606401038041, guid: 04405d1dbe2b5be47a4a29c9ae29bc84,
        type: 3}
      propertyPath: m_LocalPosition.x
      value: -0.058000084
      objectReference: {fileID: 0}
    - target: {fileID: 8822298606401038041, guid: 04405d1dbe2b5be47a4a29c9ae29bc84,
        type: 3}
      propertyPath: m_LocalPosition.y
      value: 0.764
      objectReference: {fileID: 0}
    - target: {fileID: 8822298606401038041, guid: 04405d1dbe2b5be47a4a29c9ae29bc84,
        type: 3}
      propertyPath: m_LocalPosition.z
      value: 0.544
      objectReference: {fileID: 0}
    - target: {fileID: 8822298606401038041, guid: 04405d1dbe2b5be47a4a29c9ae29bc84,
        type: 3}
      propertyPath: m_LocalRotation.w
      value: 0.5
      objectReference: {fileID: 0}
    - target: {fileID: 8822298606401038041, guid: 04405d1dbe2b5be47a4a29c9ae29bc84,
        type: 3}
      propertyPath: m_LocalRotation.x
      value: 0.5
      objectReference: {fileID: 0}
    - target: {fileID: 8822298606401038041, guid: 04405d1dbe2b5be47a4a29c9ae29bc84,
        type: 3}
      propertyPath: m_LocalRotation.y
      value: 0.5
      objectReference: {fileID: 0}
    - target: {fileID: 8822298606401038041, guid: 04405d1dbe2b5be47a4a29c9ae29bc84,
        type: 3}
      propertyPath: m_LocalRotation.z
      value: -0.5
      objectReference: {fileID: 0}
    - target: {fileID: 8822298606401038041, guid: 04405d1dbe2b5be47a4a29c9ae29bc84,
        type: 3}
      propertyPath: m_LocalEulerAnglesHint.x
      value: 90
      objectReference: {fileID: 0}
    - target: {fileID: 8822298606401038041, guid: 04405d1dbe2b5be47a4a29c9ae29bc84,
        type: 3}
      propertyPath: m_LocalEulerAnglesHint.y
      value: 0
      objectReference: {fileID: 0}
    - target: {fileID: 8822298606401038041, guid: 04405d1dbe2b5be47a4a29c9ae29bc84,
        type: 3}
      propertyPath: m_LocalEulerAnglesHint.z
      value: -90
      objectReference: {fileID: 0}
    m_RemovedComponents: []
  m_SourcePrefab: {fileID: 100100000, guid: 04405d1dbe2b5be47a4a29c9ae29bc84, type: 3}
--- !u!4 &384538242385764719 stripped
Transform:
  m_CorrespondingSourceObject: {fileID: 8822298606401038041, guid: 04405d1dbe2b5be47a4a29c9ae29bc84,
    type: 3}
  m_PrefabInstance: {fileID: 9167427413989246902}
  m_PrefabAsset: {fileID: 0}
